@article{CGC2Lec,
      author         = "McLerran, Larry",
      title          = "{The Color Glass Condensate and Glasma}",
      year           = "2008",
      eprint         = "0804.1736",
      archivePrefix  = "arXiv",
      primaryClass   = "hep-ph",
      SLACcitation   = "%%CITATION = ARXIV:0804.1736;%%",
}

@article{CGCandGlasma,
  title = "Color Glass Condensate and glasma ",
  journal = "Nuclear Physics A ",
  volume = "854",
  number = "1",
  pages = "10 - 17",
  year = "2011",
  note = "Saturation, the Color Glass Condensate and the Glasma: What Have We Learned from RHIC? ",
  issn = "0375-9474",
  doi = "http://dx.doi.org/10.1016/j.nuclphysa.2010.09.001",
  url = "http://www.sciencedirect.com/science/article/pii/S0375947410006615",
  author = "Fran\c{c}ois Gelis",
  keywords = "\{QCD\}",
  keywords = "Gluon saturation",
  keywords = "Heavy ion collisions "
}

@ARTICLE{CMS_AN_2008-098,
    AUTHOR       = "M. Mulders I. Bloch, E. James A. Everett D. Barge, C. Campagnari, P. Kalavase, V. Krutelyov, D. Kovalskyi, J. Ribnik N. Amapane",
    TITLE        = "Muon Identification in CMS",
    JOURNAL      = "CMS Note",
    VOLUME       = "2008/098",
    URL          = "http://cdsweb.cern.ch/record/962045",
    YEAR         = "2008"
}
	
@Article{Frankfurt:2006tp,
     author    = "Frankfurt, L. and Strikman, M. and Zhalov, M.",
     title     = "Elastic and large t rapidity gap vector meson production in
                  ultraperipheral proton ion collisions",
     journal   = "Phys. Lett.",
     volume    = "B640",
     year      = "2006",
     pages     = "162-169",
     eprint    = "hep-ph/0605160",
     SLACcitation  = "%%CITATION = HEP-PH 0605160;%%"
}

@Article{Frankfurt:2006wg,
     author    = "Frankfurt, L. and Strikman, M. and Zhalov, M.",
     title     = "Large t diffractive $\rho$-meson photoproduction with target
                  dissociation in ultraperipheral p A and A A collisions at
                  LHC",
     year      = "2006",
     eprint    = "hep-ph/0612072",
     SLACcitation  = "%%CITATION = HEP-PH 0612072;%%"
}

@Article{Aktas:2006qs,
     author    = "Aktas, A. and others",
     collaboration = "H1",
     title     = "Diffractive photoproduction of $\rho$ mesons with large
                  momentum transfer  at HERA",
     journal   = "Phys. Lett.",
     volume    = "B638",
     year      = "2006",
     pages     = "422-431",
     eprint    = "hep-ex/0603038",
     SLACcitation  = "%%CITATION = HEP-EX 0603038;%%"
}

@Article{Adler:2002sc,
     author    = "Adler, C. and others",
     collaboration = "STAR",
     title     = "Coherent $\rho^0$ production in ultra-peripheral heavy ion
                  collisions",
     journal   = "Phys. Rev. Lett.",
     volume    = "89",
     year      = "2002",
     pages     = "272302",
     eprint    = "nucl-ex/0206004",
     SLACcitation  = "%%CITATION = NUCL-EX 0206004;%%"
}

@Article{d'Enterria:2006ep,
     author    = "d'Enterria, David",
     title     = "Coherent photoproduction of $\jpsi$ and high-mass $\elel$ pairs
                  in ultra-peripheral Au + Au collisions at $\sqrtsnn$ =
                  200-GeV",
     year      = "2006",
     eprint    = "nucl-ex/0601001",
     SLACcitation  = "%%CITATION = NUCL-EX 0601001;%%"
}

@Article{Ryskin:1995hz,
     author    = "Ryskin, M. G. and Roberts, R. G. and Martin, Alan D. and
                  Levin, E. M.",
     title     = "Diffractive $\jpsi$ photoproduction as a probe of the
                  gluon density",
     journal   = "Z. Phys.",
     volume    = "C76",
     year      = "1997",
     pages     = "231-239",
     eprint    = "hep-ph/9511228",
     SLACcitation  = "%%CITATION = HEP-PH 9511228;%%"
}

@Article{Teubner:2005sj,
     author    = "Teubner, T.",
     title     = "Diffractive production of vector mesons and the gluon at
                  small $x$",
     journal   = "AIP Conf. Proc.",
     volume    = "792",
     year      = "2005",
     pages     = "416-419",
     SLACcitation  = "%%CITATION = APCPC,792,416;%%"
}

@Article{Klasen:2007pm,
     author    = "Klasen, M.",
     title     = "Hard photoproduction at HERA",
     year      = "2007",
     eprint    = "hep-ph/0702052",
     SLACcitation  = "%%CITATION = HEP-PH 0702052;%%"
}

@Article{d'Enterria:2004nv,
     author    = "d'Enterria, David",
     title     = "Hard spectra and QCD matter: Experimental review",
     journal   = "J. Phys.",
     volume    = "G30",
     year      = "2004",
     pages     = "S767-S774",
     eprint    = "nucl-ex/0404018",
     SLACcitation  = "%%CITATION = NUCL-EX 0404018;%%"
}

@Article{Strikman:2005yv,
     author    = "Strikman, Mark and Vogt, Ramona and White, Sebastian",
     title     = "Probing small $x$ parton densities in ultraperipheral A A and
                  p A  collisions at the LHC",
     journal   = "Phys. Rev. Lett.",
     volume    = "96",
     year      = "2006",
     pages     = "082001",
     eprint    = "hep-ph/0508296",
     SLACcitation  = "%%CITATION = HEP-PH 0508296;%%"
}

@Article{Strikman:2005ze,
     author    = "Strikman, M. and Tverskoy, M. and Zhalov, M.",
     title     = "Neutron tagging of quasielastic $\jpsi$ photoproduction off
                  nucleus in  ultraperipheral heavy ion collisions at RHIC
                  energies",
     journal   = "Phys. Lett.",
     volume    = "B626",
     year      = "2005",
     pages     = "72-79",
     eprint    = "hep-ph/0505023",
     SLACcitation  = "%%CITATION = HEP-PH 0505023;%%"
}

@Article{Nystrand:2004vn,
     author    = "Nystrand, J.",
     title     = "Electromagnetic interactions in nucleus nucleus and proton
                  proton collisions",
     journal   = "Nucl. Phys.",
     volume    = "A752",
     year      = "2005",
     pages     = "470-479",
     eprint    = "hep-ph/0412096",
     SLACcitation  = "%%CITATION = HEP-PH 0412096;%%"
}

@Article{Klein:2003vd,
     author    = "Klein, Spencer R. and Nystrand, Joakim",
     title     = "Photoproduction of quarkonium in proton proton and nucleus
                  nucleus  collisions",
     journal   = "Phys. Rev. Lett.",
     volume    = "92",
     year      = "2004",
     pages     = "142003",
     eprint    = "hep-ph/0311164",
     SLACcitation  = "%%CITATION = HEP-PH 0311164;%%"
}

@Article{Baltz:2002pp,
     author    = "Baltz, Anthony J. and Klein, Spencer R. and Nystrand,
                  Joakim",
     title     = "Coherent vector meson photoproduction with nuclear breakup
                  in  relativistic heavy ion collisions",
     journal   = "Phys. Rev. Lett.",
     volume    = "89",
     year      = "2002",
     pages     = "012301",
     eprint    = "nucl-th/0205031",
     SLACcitation  = "%%CITATION = NUCL-TH 0205031;%%"
}

@Article{Klein:1999qj,
     author    = "Klein, Spencer and Nystrand, Joakim",
     title     = "Exclusive vector meson production in relativistic heavy ion
                  collisions",
     journal   = "Phys. Rev.",
     volume    = "C60",
     year      = "1999",
     pages     = "014903",
     eprint    = "hep-ph/9902259",
     SLACcitation  = "%%CITATION = HEP-PH 9902259;%%"
}

@Article{Frankfurt:2005mc,
     author    = "Frankfurt, Leonid and Strikman, Mark and Weiss, Christian",
     title     = "Small-$x$ physics: From HERA to LHC and beyond",
     journal   = "Ann. Rev. Nucl. Part. Sci.",
     volume    = "55",
     year      = "2005",
     pages     = "403-465",
     eprint    = "hep-ph/0507286",
     SLACcitation  = "%%CITATION = HEP-PH 0507286;%%"
}

@Article{Frankfurt:2003qy,
     author    = "Frankfurt, L. and Guzey, V. and Strikman, M. and Zhalov, M.",
     title     = "Onset of perturbative color opacity at small $x$ and $\ups$
                  coherent  photoproduction off heavy nuclei at LHC",
     journal   = "JHEP",
     volume    = "08",
     year      = "2003",
     pages     = "043",
     eprint    = "hep-ph/0304218",
     SLACcitation  = "%%CITATION = HEP-PH 0304218;%%"
}

@Article{Goncalves:2006ed,
     author    = "Goncalves, V. P. and Machado, M. V. T.",
     title     = "Heavy quarks and meson production in ultraperipheral heavy
                  ion collisions",
     year      = "2006",
     eprint    = "hep-ph/0601131",
     SLACcitation  = "%%CITATION = HEP-PH 0601131;%%"
}

@Article{gdr_neutron,
     author    = "B. L. Berman and S. C. Fultz",
     title     = "",
     journal   = "Rev. Mod. Phys.",
     volume    = "47",
     year      = "1975",
     pages     = "713",
     SLACcitation  = "%%CITATION = ;%%"
}

@Article{Adams:2004rz,
     author    = "Adams, John and others",
 collaboration = "STAR",
     title     = "Production of $\elel$ pairs accompanied by nuclear
                  dissociation in  ultra-peripheral heavy ion collision",
     journal   = "Phys. Rev.",
     volume    = "C70",
     year      = "2004",
     pages     = "031902",
     eprint    = "nucl-ex/0404012",
     SLACcitation  = "%%CITATION = NUCL-EX 0404012;%%"
}

@Article{Vogt:2002ve,
     author    = "Vogt, R.",
     title     = "Heavy quark production in heavy ion colliders",
     journal   = "Heavy Ion Phys.",
     volume    = "18",
     year      = "2003",
     pages     = "11-20",
     eprint    = "hep-ph/0205330",
     SLACcitation  = "%%CITATION = HEP-PH 0205330;%%"
}

@Article{Piotrzkowski:2000rx,
     author    = "Piotrzkowski, K.",
     title     = "Tagging two-photon production at the LHC",
     journal   = "Phys. Rev.",
     volume    = "D63",
     year      = "2001",
     pages     = "071502",
     eprint    = "hep-ex/0009065",
     SLACcitation  = "%%CITATION = HEP-EX 0009065;%%"
}

@Article{Krasny:2006xg,
     author    = "Krasny, M. W. and Chwastowski, J. and Slowikowski, K.",
     title     = "Luminosity measurement method for LHC: The theoretical
                  precision and the experimental challenges",
     year      = "2006",
     eprint    = "hep-ex/0610052",
     SLACcitation  = "%%CITATION = HEP-EX 0610052;%%"
}

@Article{Yao:2006px,
     author    = "Yao, W.-M. and others",
     collaboration = "Particle Data Group",
     title     = "Review of particle physics",
     journal   = "J. Phys.",
     volume    = "G33",
     year      = "2006",
     pages     = "1-1232",
     SLACcitation  = "%%CITATION = JPHGB,G33,1;%%"
}

@Article{Khoze:2000jm,
     author    = "Khoze, Valery A. and Martin, Alan D. and Ryskin, M. G.",
     title     = "Double-diffractive processes in high-resolution missing-
                  mass  experiments at the Tevatron",
     journal   = "Eur. Phys. J.",
     volume    = "C19",
     year      = "2001",
     pages     = "477-483",
     eprint    = "hep-ph/0011393",
     SLACcitation  = "%%CITATION = HEP-PH 0011393;%%"
}

@Misc{albrow,
     author  = "Albrow, M.",
     note    = "private communication",
     year      = "2001"
}

@Article{Pshenichnov:2001qd,
     author    = "Pshenichnov, I. A. and Bondorf, J. P. and Mishustin, I. N.
                  and Ventura, A. and Masetti, S.",
     title     = "Mutual heavy ion dissociation in peripheral collisions at
                  ultrarelativistic energies",
     journal   = "Phys. Rev.",
     volume    = "C64",
     year      = "2001",
     pages     = "024903",
     eprint    = "nucl-th/0101035",
     SLACcitation  = "%%CITATION = NUCL-TH 0101035;%%"
}

@Misc{atlas_note,
     author  = "Boonekamp, M. and others",
     howpublished  = "ATL-GEN-2004-001",
     year      = "2004",
     month     = "March"
}

@Article{elect_cms_note06,
     author  = "Baffioni, S. and Charlot, C.  and others",
     title     = "Electron Reconstruction in CMS",
     journal  = "CMS NOTE 2006/40",
     year      = "2006"
}

@Article{yepes_cms_note03,
     author  = "Yepes, P.",
     title     = "Studying Light Objects in Ultra-Peripheral Heavy Ion Collisions",
     journal  = "CMS NOTE 2003/022",
     year      = "2003"
}

@Article{upc_dde_hees_note06,
     author  = "d'Enterria, D. and Hees, A.",
     title     = "Measurement of $\ups\rightarrow e^+e^-,\mu^+\mu^-$ in electromagnetic
                     PbPb collisions at $\sqrtsnn$ = 5.5 TeV in CMS",
     journal  = "CMS AN-2006/107",
     year      = "2006"
}
 

@article{aliceIclJpsi,
      author         = "Lardeux, Antoine",
      title          = "{J/$\psi$ production in Pb-Pb collisions at $\sqrt{s_{NN}}$
                            =2.76 TeV in the ALICE experiment}",
      journal        = "J.Phys.Conf.Ser.",
      volume         = "446",
      pages          = "012042",
      doi            = "10.1088/1742-6596/446/1/012042",
      year           = "2013",
      SLACcitation   = "%%CITATION = 00462,446,012042;%%",
}

@article{tCmsE,
  colaboration={The CMS Collaboration},
  author={S Chatrchyan and others},
  title={The CMS experiment at the CERN LHC},
  journal={Journal of Instrumentation},
  volume={3},
  number={08},
  pages={S08004},
  url={http://stacks.iop.org/1748-0221/3/i=08/a=S08004},
  year={2008},
  abstract={The Compact Muon Solenoid (CMS) detector is described. The detector operates at the Large Hadron Collider (LHC) at CERN. It was conceived to study proton-proton (and lead-lead) collisions at a centre-of-mass energy of 14 TeV (5.5 TeV nucleon-nucleon) and at luminosities up to 10 34 cm −2 s −1 (10 27 cm −2 s −1 ). At the core of the CMS detector sits a high-magnetic-field and large-bore superconducting solenoid surrounding an all-silicon pixel and strip tracker, a lead-tungstate scintillating-crystals electromagnetic calorimeter, and a brass-scintillator sampling hadron calorimeter. The iron yoke of the flux-return is instrumented with four stations of muon detectors covering most of the 4π solid angle. Forward sampling calorimeters extend the pseudorapidity coverage to high values (|η| ≤ 5) assuring very good hermeticity. The overall dimensions of the CMS detector are a length of 21.6 m, a diameter of 14.6 m and a total weight of 12500 t.},
  authnote={G Hmayakyan and V Khachatryan and A M Sirunyan and W Adam and T Bauer and TBergauer and H Bergauer and M Dragicevic and J Er\"{o} and M Friedl and R Fr\"{u}hwirth and V M Ghete and P Glaser and C Hartl and N Hoermann and JHrubec and S H\"{a}nsel and M Jeitler and K Kastner and M Krammer and I Magrans de Abril and M Markytan and I Mikulec and B Neuherz and TN\"{o}bauer and M Oberegger and M Padrta and M Pernicka and P Porth and H Rohringer and S Schmid and T Schreiner and R Stark and HSteininger and J Strauss and A Taurok and D Uhl and W Waltenberger and G Walzel and E Widl and C-E Wulz and V Petrov and V Prosolovich and VChekhovsky and O Dvornikov and I Emeliantchik and A Litomin and V Makarenko and I Marfin and V Mossolov and N Shumeiko and A Solin and RStefanovitch and J Suarez Gonzalez and A Tikhonov and A Fedorov and M Korzhik and O Missevitch and R Zuyeuski and W Beaumont and MCardaci and E De Langhe and E A De Wolf and E Delmeire and S Ochesanu and M Tasevsky and P Van Mechelen and J D'Hondt and S DeWeirdt and O Devroede and R Goorens and S Hannaert and J Heyninck and J Maes and M U Mozer and S Tavernier and W Van Doninck and L VanLancker and P Van Mulders and I Villella and C Wastiels and C Yu and O Bouhali and O Charaf and B Clerbaux and P De Harenne and G DeLentdecker and J P Dewulf and S Elgammal and R Gindroz and G H Hammad and T Mahmoud and L Neukermans and M Pins and R Pins and SRugovac and J Stefanescu and V Sundararajan and C Vander Velde and P Vanlaer and J Wickens and M Tytgat and S Assouak and J LBonnet and G Bruno and J Caudron and B De Callatay and J De Favereau De Jeneret and S De Visscher and P Demin and D Favart and CFelix and B Florins and E Forton and A Giammanco and G Gr\'{e}goire and M Jonckman and D Kcira and T Keutgen and V Lemaitre and D Michotte and OMilitaru and S Ovyn and T Pierzchala and K Piotrzkowski and V Roberfroid and X Rouby and N Schul and O Van der Aa and N Beliy and EDaubie and P Herquet and G Alves and M E Pol and M H G Souza and M Vaz and D De Jesus Damiao and V Oguri and A Santoro and A Sznajder and EDe Moraes Gregores and R L Iope and S F Novaes and T Tomei and T Anguelov and G Antchev and I Atanasov and J Damgov and N Darmenov and LDimitrov and V Genchev and P Iaydjiev and A Marinov and S Piperov and S Stoykova and G Sultanov and R Trayanov and I Vankov and CCheshkov and A Dimitrov and M Dyulendarova and I Glushkov and V Kozhuharov and L Litov and M Makariev and E Marinova and S Markov and MMateev and I Nasteva and B Pavlov and P Petev and P Petkov and V Spassov and Z Toteva and V Velev and V Verguilov and J G Bian and G MChen and H S Chen and M Chen and C H Jiang and B Liu and X Y Shen and H S Sun and J Tao and J Wang and M Yang and Z Zhang and W R Zhao and H LZhuang and Y Ban and J Cai and Y C Ge and S Liu and H T Liu and L Liu and S J Qian and Q Wang and Z H Xue and Z C Yang and Y L Ye and J Ying and P JLi and J Liao and Z L Xue and D S Yan and H Yuan and C A Carrillo Montoya and J C Sanabria and N Godinovic and I Puljak and I Soric and ZAntunovic and M Dzelalija and K Marasovic and V Brigljevic and K Kadija and S Morovic and R Fereos and C Nicolaou and A Papadakis and FPtochos and P A Razis and D Tsiakkouri and Z Zinonos and A Hektor and M Kadastik and K Kannike and E Lippmaa and M M\"{u}ntel and M Raidal and LRebane and P A Aarnio and E Anttila and K Banzuzi and P Bulteau and S Czellar and N Eiden and C Eklund and P Engstrom and A Heikkinen and AHonkanen and J H\"{a}rk\"{o}nen and V Karim\"{a}ki and H M Katajisto and R Kinnunen and J Klem and J Kortesmaa and M Kotam\"{a}ki and A Kuronen and TLamp\'{e}n and K Lassila-Perini and V Lef\'{e}bure and S Lehti and T Lind\'{e}n and P R Luukka and S Michal and F Moura Brigido and T M\"{a}enp\"{a}\"{a} and TNyman and J Nyst\'{e}n and E Pietarinen and K Skog and K Tammi and E Tuominen and J Tuominiemi and D Ungaro and T P Vanhala and L Wendland and CWilliams and M Iskanius and A Korpela and G Polese and T Tuuva and G Bassompierre and A Bazan and P Y David and J Ditta and GDrobychev and N Fouque and J P Guillaud and V Hermel and A Karneyeu and T Le Flour and S Lieunard and M Maire and P Mendiburu and PNedelec and J P Peigneux and M Schneegans and D Sillou and J P Vialle and M Anfreville and J P Bard and P Besson and E Bougamont and MBoyer and P Bredy and R Chipaux and M Dejardin and D Denegri and J Descamps and B Fabbro and J L Faure and S Ganjour and F X Gentit and AGivernaud and P Gras and G Hamel de Monchenault and P Jarry and C Jeanney and F Kircher and M C Lemaire and Y Lemoigne and BLevesy and E Locci and J P Lottin and I Mandjavidze and M Mur and J P Pansart and A Payn and J Rander and J M Reymond and J Rolquin and FRondeaux and A Rosowsky and J Y A Rousse and Z H Sun and J Tartas and A Van Lysebetten and P Venault and P Verrecchia and M Anduze and JBadier and S Baffioni and M Bercher and C Bernet and U Berthon and J Bourotte and A Busata and P Busson and M Cerutti and D Chamont and CCharlot and C Collard and A Debraine and D Decotigny and L Dobrzynski and O Ferreira and Y Geerebaert and J Gilly and C Gregory and LGuevara Riveros and M Haguenauer and A Karar and B Koblitz and D Lecouturier and A Mathieu and G Milleret and P Min\'{e} and PPaganini and P Poilleux and N Pukhaeva and N Regnault and T Romanteau and I Semeniouk and Y Sirois and C Thiebaux and J C Vanel and AZabi and J L Agram and A Albert and L Anckenmann and J Andrea and F Anstotz and A M Bergdolt and J D Berst and R Blaes and D Bloch and J MBrom and J Cailleret and F Charles and E Christophel and G Claus and J Coffin and C Colledani and J Croix and E Dangelser and N Dick and FDidierjean and F Drouhin and W Dulinski and J P Ernenwein and R Fang and J C Fontaine and G Gaudiot and W Geist and D Gel\'{e} and TGoeltzenlichter and U Goerlach and P Graehling and L Gross and C Guo Hu and J M Helleboid and T Henkes and M Hoffer and C Hoffmann and JHosselet and L Houchu and Y Hu and D Huss and C Illinger and F Jeanneau and P Juillot and T Kachelhoffer and M R Kapp and H Kettunen and LLakehal Ayat and A C Le Bihan and A Lounis and C Maazouzi and V Mack and P Majewski and D Mangeol and J Michel and S Moreau and COlivetto and A Pallarès and Y Patois and P Pralavorio and C Racca and Y Riahi and I Ripp-Baudot and P Schmitt and J P Schunck and GSchuster and B Schwaller and M H Sigward and J L Sohler and J Speck and R Strub and T Todorov and R Turchetta and P Van Hove and DVintache and A Zghiche and M Ageron and J E Augustin and C Baty and G Baulieu and M Bedjidian and J Blaha and A Bonnevaux and GBoudoul and P Brunet and E Chabanat and E C Chabert and R Chierici and V Chorowicz and C Combaret and D Contardo and R Della Negra and PDepasse and O Drapier and M Dupanloup and T Dupasquier and H El Mamouni and N Estre and J Fay and S Gascon and N Giraud and C Girerd and GGuillot and R Haroutunian and B Ille and M Lethuillier and N Lumb and C Martin and H Mathez and G Maurelli and S Muanza and P Pangaud and SPerries and O Ravat and E Schibler and F Schirra and G Smadja and S Tissot and B Trocme and S Vanzetto and J P Walder and Y Bagaturia and DMjavia and A Mzhavia and Z Tsamalaidze and V Roinishvili and R Adolphi and G Anagnostou and R Brauer and W Braunschweig and HEsser and L Feld and W Karpinski and A Khomich and K Klein and C Kukulies and K L\"{u}belsmeyer and J Olzem and A Ostaptchouk and DPandoulas and G Pierschel and F Raupach and S Schael and A Schultz von Dratzig and G Schwering and R Siedling and M Thomas and MWeber and B Wittmer and M Wlochal and F Adamczyk and A Adolf and G Altenh\"{o}fer and S Bechstein and S Bethke and P Biallass and O Biebel and MBontenackels and K Bosseler and A B\"{o}hm and M Erdmann and H Faissner and B Fehr and H Fesefeldt and G Fetchenhauer and JFrangenheim and J H Frohn and J Grooten and T Hebbeker and S Hermann and E Hermens and G Hilgers and K Hoepfner and C Hof and E Jacobi and SKappler and M Kirsch and P Kreuzer and R Kupper and H R Lampe and D Lanske and R Mameghani and A Meyer and S Meyer and T Moers and EM\"{u}ller and R Pahlke and B Philipps and D Rein and H Reithler and W Reuter and P R\"{u}tten and S Schulz and H Schwarthoff and W Sobek and MSowa and T Stapelberg and H Szczesny and H Teykal and D Teyssier and H Tomme and W Tomme and M Tonutti and O Tsigenov and J Tutas and JVandenhirtz and H Wagner and M Wegner and C Zeidler and F Beissel and M Davids and M Duda and G Fl\"{u}gge and M Giffels and T Hermanns and DHeydhausen and S Kalinin and S Kasselmann and G Kaussen and T Kress and A Linn and A Nowack and L Perchalla and M Poettgens and OPooth and P Sauerland and A Stahl and D Tornier and M H Zoeller and U Behrens and K Borras and A Flossdorf and D Hatton and B Hegner and MKasemann and R Mankel and A Meyer and J Mnich and C Rosemann and C Youngman and W D Zeuner and F Bechtel and P Buhmann and E Butz and GFlucke and R H Hamdorf and U Holm and R Klanner and U Pein and N Schirm and P Schleper and G Steinbr\"{u}ck and R Van Staa and R Wolf and BAtz and T Barvich and P Bl\"{u}m and F Boegelspacher and H Bol and Z Y Chen and S Chowdhury and W De Boer and P Dehm and G Dirkes and M Fahrer and UFelzmann and M Frey and A Furgeri and E Gregoriev and F Hartmann and F Hauler and S Heier and K K\"{a}rcher and B Ledermann and S Mueller and ThM\"{u}ller and D Neuberger and C Piasecki and G Quast and K Rabbertz and A Sabellek and A Scheurer and F P Schilling and H J Simonis and ASkiba and P Steck and A Theel and W H Th\"{u}mmel and A Trunov and A Vest and T Weiler and C Weiser and S Weseler and V Zhukov and M Barone and GDaskalakis and N Dimitriou and G Fanourakis and C Filippidis and T Geralis and C Kalfas and K Karafasoulis and A Koimas and AKyriakis and S Kyriazopoulou and D Loukas and A Markou and C Markou and N Mastroyiannopoulos and C Mavrommatis and J Mousa and IPapadakis and E Petrakou and I Siotis and K Theofilatos and S Tzamarias and A Vayaki and G Vermisoglou and A Zachariadou and LGouskos and G Karapostoli and P Katsas and A Panagiotou and C Papadimitropoulos and X Aslanoglou and I Evangelou and P Kokkas and NManthos and I Papadopoulos and F A Triantis and G Bencze and L Boldizsar and G Debreczeni and C Hajdu and P Hidas and D Horvath and PKovesarki and A Laszlo and G Odor and G Patay and F Sikler and G Veres and G Vesztergombi and P Zalan and A Fenyvesi and J Imrek and JMolnar and D Novak and J Palinkas and G Szekely and N Beni and A Kapusi and G Marian and B Radics and P Raics and Z Szabo and Z Szillasi and Z LTrocsanyi and G Zilizi and H S Bawa and S B Beri and V Bhandari and V Bhatnagar and M Kaur and J M Kohli and A Kumar and B Singh and J BSingh and S Arora and S Bhattacharya and S Chatterji and S Chauhan and B C Choudhary and P Gupta and M Jha and K Ranjan and R KShivpuri and A K Srivastava and R K Choudhury and D Dutta and M Ghodgaonkar and S Kailas and S K Kataria and A K Mohanty and L MPant and P Shukla and A Topkar and T Aziz and Sunanda Banerjee and S Bose and S Chendvankar and P V Deshpande and M Guchait and AGurtu and M Maity and G Majumder and K Mazumdar and A Nayak and M R Patil and S Sharma and K Sudhakar and B S Acharya and SudeshnaBanerjee and S Bheesette and S Dugad and S D Kalmani and V R Lakkireddi and N K Mondal and N Panyam and P Verma and H Arfaei and MHashemi and M Mohammadi Najafabadi and A Moshaii and S Paktinat Mehdiabadi and M Felcini and M Grunewald and K Abadjiev and MAbbrescia and L Barbone and P Cariola and F Chiumarulo and A Clemente and A Colaleo and D Creanza and N De Filippis and M De Palma and GDe Robertis and G Donvito and R Ferorelli and L Fiore and M Franco and D Giordano and R Guida and G Iaselli and N Lacalamita and FLoddo and G Maggi and M Maggi and N Manna and B Marangelli and M S Mennea and S My and S Natali and S Nuzzo and G Papagni and C Pinto and APompili and G Pugliese and A Ranieri and F Romano and G Roselli and G Sala and G Selvaggi and L Silvestris and P Tempesta and RTrentadue and S Tupputi and G Zito and G Abbiendi and W Bacchi and C Battilana and A C Benvenuti and M Boldini and D Bonacorsi and SBraibant-Giacomelli and V D Cafaro and P Capiluppi and A Castro and F R Cavallo and C Ciocca and G Codispoti and M Cuffiani and ID'Antone and G M Dallavalle and F Fabbri and A Fanfani and S Finelli and P Giacomelli and V Giordano and M Giunta and C Grandi and MGuerzoni and L Guiducci and S Marcellini and G Masetti and A Montanari and F L Navarria and F Odorici and A Paolucci and GPellegrini and A Perrotta and A M Rossi and T Rovelli and G P Siroli and G Torromeo and R Travaglini and G P Veronese and SAlbergo and M Chiorboli and S Costa and M Galanti and G Gatto Rotondo and N Giudice and N Guardone and F Noto and R Potenza and M ASaizu and G Salemi and C Sutera and A Tricomi and C Tuve and L Bellucci and M Brianzi and G Broccolo and E Catacchini and V Ciulli and CCivinini and R D'Alessandro and E Focardi and S Frosali and C Genta and G Landi and P Lenzi and A Macchiolo and F Maletta and FManolescu and C Marchettini and L Masetti and S Mersi and M Meschini and C Minelli and S Paoletti and G Parrini and E Scarlini and GSguazzoni and L Benussi and M Bertani and S Bianco and M Caponero and D Colonna and L Daniello and F Fabbri and F Felli and M Giardoni and ALa Monaca and B Ortenzi and M Pallotta and A Paolozzi and C Paris and L Passamonti and D Pierluigi and B Ponzio and C Pucci and ARusso and G Saviano and P Fabbricatore and S Farinon and M Greco and R Musenich and S Badoer and L Berti and M Biasotto and S Fantinel and EFrizziero and U Gastaldi and M Gulmini and F Lelli and G Maron and S Squizzato and N Toniolo and S Traldi and S Banfi and R Bertoni and MBonesini and L Carbone and G B Cerati and F Chignoli and P D'Angelo and A De Min and P Dini and F M Farina and F Ferri and P Govoni and SMagni and M Malberti and S Malvezzi and R Mazza and D Menasce and V Miccio and L Moroni and P Negri and M Paganoni and D Pedrini and APullia and S Ragazzi and N Redaelli and M Rovere and L Sala and S Sala and R Salerno and T Tabarelli de Fatis and V Tancini and STaroni and A Boiano and F Cassese and C Cassese and A Cimmino and B D'Aquino and L Lista and D Lomidze and P Noli and P Paolucci and GPasseggio and D Piccolo and L Roscilli and C Sciacca and A Vanzanella and P Azzi and N Bacchetta and L Barcellan and M Bellato and MBenettoni and D Bisello and E Borsato and A Candelori and R Carlin and L Castellani and P Checchia and L Ciano and A Colombo and EConti and M Da Rold and F Dal Corso and M De Giorgi and M De Mattia and T Dorigo and U Dosselli and C Fanin and G Galet and FGasparini and U Gasparini and A Giraldo and P Giubilato and F Gonella and A Gresele and A Griggio and P Guaita and A Kaminskiy and SKaraevskii and V Khomenkov and D Kostylev and S Lacaprara and I Lazzizzera and I Lippi and M Loreti and M Margoni and R Martinelli and SMattiazzo and M Mazzucato and A T Meneguzzo and L Modenese and F Montecassiano and A Neviani and M Nigro and A Paccagnella and DPantano and A Parenti and M Passaseo and R Pedrotta and M Pegoraro and G Rampazzo and S Reznikov and P Ronchese and A SanchoDaponte and P Sartori and I Stavitskiy and M Tessaro and E Torassa and A Triossi and S Vanini and S Ventura and L Ventura and MVerlato and M Zago and F Zatti and P Zotto and G Zumerle and P Baesso and G Belli and U Berzano and S Bricola and A Grelli and G Musitelli and RNardò and M M Necchi and D Pagano and S P Ratti and C Riccardi and P Torre and A Vicini and P Vitulo and C Viviani and D Aisa and S Aisa and FAmbroglini and M M Angarano and E Babucci and D Benedetti and M Biasini and G M Bilei and S Bizzaglia and M T Brunetti and BCaponeri and B Checcucci and R Covarelli and N Dinu and L Fanò and L Farnesini and M Giorgi and P Lariccia and G Mantovani and FMoscatelli and D Passeri and A Piluso and P Placidi and V Postolache and R Santinelli and A Santocchia and L Servoli and D Spiga and PAzzurri and G Bagliesi and G Balestri and A Basti and R Bellazzini and L Benucci and J Bernardini and L Berretta and S Bianucci and TBoccali and A Bocci and L Borrello and F Bosi and F Bracci and A Brez and F Calzolari and R Castaldi and U Cazzola and M Ceccanti and RCecchi and C Cerri and A S Cucoanes and R Dell'Orso and D Dobur and S Dutta and F Fiori and L Foà and A Gaggelli and S Gennai and A Giassi and SGiusti and D Kartashov and A Kraan and L Latronico and F Ligabue and S Linari and T Lomtadze and G A Lungu and G Magazzu and P Mammini and FMariani and G Martinelli and M Massa and A Messineo and A Moggi and F Palla and F Palmonari and G Petragnani and G Petrucciani and AProfeti and F Raffaelli and D Rizzi and G Sanguinetti and S Sarkar and G Segneri and D Sentenac and A T Serban and A Slav and PSpagnolo and G Spandre and R Tenchini and S Tolaini and G Tonelli and A Venturi and P G Verdini and M Vos and L Zaccarelli and SBaccaro and L Barone and A Bartoloni and B Borgia and G Capradossi and F Cavallari and A Cecilia and D D'Angelo and I Dafinei and D DelRe and E Di Marco and M Diemoz and G Ferrara and C Gargiulo and S Guerra and M Iannone and E Longo and M Montecchi and M Nuccetelli and GOrgantini and A Palma and R Paramatti and F Pellegrino and S Rahatlou and C Rovelli and F Safai Tehrani and A Zullo and G Alampi and NAmapane and R Arcidiacono and S Argiro and M Arneodo and R Bellan and F Benotto and C Biino and S Bolognesi and M A Borgia and C Botta and ABrasolin and N Cartiglia and R Castello and G Cerminara and R Cirio and M Cordero and M Costa and D Dattola and F Daudo and GDellacasa and N Demaria and G Dughera and F Dumitrache and R Farano and G Ferrero and E Filoni and G Kostyleva and H E Larsen and CMariotti and M Marone and S Maselli and E Menichetti and P Mereu and E Migliore and G Mila and V Monaco and M Musich and M Nervo and M MObertino and R Panero and A Parussa and N Pastrone and C Peroni and G Petrillo and A Romero and M Ruspa and R Sacchi and M Scalise and ASolano and A Staiano and P P Trapani and D Trocino and V Vaniev and A Vilela Pereira and A Zampieri and S Belforte and F Cossutti and GDella Ricca and B Gobbo and C Kavka and A Penzo and Y E Kim and S K Nam and D H Kim and G N Kim and J C Kim and D J Kong and S R Ro and D CSon and S Y Park and Y J Kim and J Y Kim and I T Lim and M Y Pac and S J Lee and S Y Jung and J T Rhee and S H Ahn and B S Hong and Y K Jeng and M HKang and H C Kim and J H Kim and T J Kim and K S Lee and J K Lim and D H Moon and I C Park and S K Park and M S Ryu and K-S Sim and K J Son and S JHong and Y I Choi and H Castilla Valdez and A Sanchez Hernandez and S Carrillo Moreno and A Morelos Pineda and A Aerts and P Vander Stok and H Weffers and P Allfrey and R N C Gray and M Hashimoto and D Krofcheck and A J Bell and N Bernardino Rodrigues and P HButler and S Churchwell and R Knegjens and S Whitehead and J C Williams and Z Aftab and U Ahmad and I Ahmed and W Ahmed and M I Asghar and SAsghar and G Dad and M Hafeez and H R Hoorani and I Hussain and N Hussain and M Iftikhar and M S Khan and K Mehmood and A Osman and HShahzad and A R Zafar and A Ali and A Bashir and A M Jan and A Kamal and F Khan and M Saeed and S Tanwir and M A Zafar and J Blocki and A Cyz and EGladysz-Dziadus and S Mikocki and M Rybczynski and J Turnau and Z Wlodarczyk and P Zychowski and K Bunkowski and M Cwiok and HCzyrkowski and R Dabrowski and W Dominik and K Doroba and A Kalinowski and K Kierzkowski and M Konecki and J Krolikowski and I MKudla and M Pietrusinski and K Pozniak and W Zabolotny and P Zych and R Gokieli and L Goscilo and M Górski and K Nawrocki and PTraczyk and G Wrochna and P Zalewski and K T Pozniak and R Romaniuk and W M Zabolotny and R Alemany-Fernandez and C Almeida and NAlmeida and A S Araujo Vila Verde and T Barata Monteiro and M Bluj and S Da Mota Silva and A David Tinoco Mendes and MFreitas Ferreira and M Gallinaro and M Husejko and A Jain and M Kazana and P Musella and R Nobrega and J Rasteiro Da Silva and P QRibeiro and M Santos and P Silva and S Silva and I Teixeira and J P Teixeira and J Varela and G Varner and N Vaz Cardoso and IAltsybeev and K Babich and A Belkov and I Belotelov and P Bunin and S Chesnevskaya and V Elsha and Y Ershov and I Filozova and MFinger and M Finger Jr  and A Golunov and I Golutvin and N Gorbounov and I Gramenitski and V Kalagin and A Kamenev and V Karjavin and SKhabarov and V Khabarov and Y Kiryushin and V Konoplyanikov and V Korenkov and G Kozlov and A Kurenkov and A Lanev and V Lysiakov and AMalakhov and I Melnitchenko and V V Mitsyn and K Moisenz and P Moisenz and S Movchan and E Nikonov and D Oleynik and V Palichik and VPerelygin and A Petrosyan and E Rogalev and V Samsonov and M Savina and R Semenov and S Sergeev and S Shmatov and S Shulha and VSmirnov and D Smolin and A Tcheremoukhine and O Teryaev and E Tikhonenko and A Urkinbaev and S Vasil'ev and A Vishnevskiy and AVolodko and N Zamiatin and A Zarubin and P Zarubin and E Zubarev and N Bondar and Y Gavrikov and V Golovtsov and Y Ivanov and V Kim and VKozlov and V Lebedev and G Makarenkov and F Moroz and P Neustroev and G Obrant and E Orishchin and A Petrunin and Y Shcheglov and AShchetkovskiy and V Sknar and V Skorobogatov and I Smirnov and V Sulimov and V Tarakanov and L Uvarov and S Vavilov and G Velichko and SVolkov and A Vorobyev and D Chmelev and D Druzhkin and A Ivanov and V Kudinov and O Logatchev and S Onishchenko and A Orlov and VSakharov and V Smetannikov and A Tikhomirov and S Zavodthikov and Yu Andreev and A Anisimov and V Duk and S Gninenko and N Golubev and DGorbunov and M Kirsanov and N Krasnikov and V Matveev and A Pashenkov and A Pastsyak and V E Postoev and A Sadovski and ASkassyrskaia and Alexander Solovey and Anatoly Solovey and D Soloviev and A Toropin and S Troitsky and A Alekhin and A Baldov and VEpshteyn and V Gavrilov and N Ilina and V Kaftanov and V Karpishin and I Kiselevich and V Kolosov and M Kossov and A Krokhotin and SKuleshov and A Oulianov and A Pozdnyakov and G Safronov and S Semenov and N Stepanov and V Stolin and E Vlasov and V Zaytsev and EBoos and M Dubinin and L Dudko and A Ershov and G Eyyubova and A Gribushin and V Ilyin and V Klyukhin and O Kodolova and N A Kruglov and AKryukov and I Lokhtin and L Malinina and V Mikhaylin and S Petrushanko and L Sarycheva and V Savrin and L Shamardin and ASherstnev and A Snigirev and K Teplov and I Vardanyan and A M Fomenko and N Konovalova and V Kozlov and A I Lebedev and N Lvova and S VRusakov and A Terkulov and V Abramov and S Akimenko and A Artamonov and A Ashimova and I Azhgirey and S Bitioukov and O Chikilev and KDatsko and A Filine and A Godizov and P Goncharov and V Grishin and A Inyakin and V Kachanov and A Kalinin and A Khmelnikov and DKonstantinov and A Korablev and V Krychkine and A Krinitsyn and A Levine and I Lobov and V Lukanin and Y Mel'nik and V Molchanov and VPetrov and V Petukhov and V Pikalov and A Ryazanov and R Ryutin and V Shelikhov and V Skvortsov and S Slabospitsky and A Sobol and ASytine and V Talov and L Tourtchanovitch and S Troshin and N Tyurin and A Uzunian and A Volkov and S Zelepoukine and V Lukyanov and GMamaeva and Z Prilutskaya and I Rumyantsev and S Sokha and S Tataurschikov and I Vasilyev and P Adzic and I Anicin and MDjordjevic and D Jovanovic and D Maletic and J Puzovic and N Smiljkovic and E Aguayo Navarrete and M Aguilar-Benitez and JAhijado Munoz and J M Alarcon Vega and J Alberdi and J Alcaraz Maestre and M Aldaya Martin and P Arce and J M Barcala and JBerdugo and C L Blanco Ramos and C Burgos Lazaro and J Caballero Bejar and E Calvo and M Cerrada and M Chamizo Llatas and J JChercoles Catalán and N Colino and M Daniel and B De La Cruz and A Delgado Peris and C Fernandez Bedoya and A Ferrando and M CFouz and D Francia Ferrero and J Garcia Romero and P Garcia-Abia and O Gonzalez Lopez and J M Hernandez and M I Josa and JMarin and G Merino and A Molinero and J J Navarrete and J C Oller and J Puerta Pelayo and J C Puras Sanchez and J Ramirez and LRomero and C Villanueva Munoz and C Willmott and C Yuste and C Albajar and J F de Trocóniz and I Jimenez and R Macias and R FTeixeira and J Cuevas and J Fernández Men\'{e}ndez and I Gonzalez Caballero and J Lopez-Garcia and H Naves Sordo and J M VizanGarcia and I J Cabrillo and A Calderon and D Cano Fernandez and I Diaz Merino and J Duarte Campderros and M Fernandez and JFernandez Menendez and C Figueroa and L A Garcia Moral and G Gomez and F Gomez Casademunt and J Gonzalez Sanchez and RGonzalez Suarez and C Jorda and P Lobelle Pardo and A Lopez Garcia and A Lopez Virto and J Marco and R Marco and C MartinezRivero and P Martinez Ruiz del Arbol and F Matorras and P Orviz Fernandez and A Patino Revuelta and T Rodrigo and DRodriguez Gonzalez and A Ruiz Jimeno and L Scodellaro and M Sobron Sanudo and I Vila and R Vilar Cortabitarte and MBarbero and D Goldin and B Henrich and L Tauscher and S Vlachos and M Wadhwa and D Abbaneo and S M Abbas and I Ahmed and S Akhtar and M IAkhtar and E Albert and M Alidra and S Ashby and P Aspell and E Auffray and P Baillon and A Ball and S L Bally and N Bangert and RBarillère and D Barney and S Beauceron and F Beaudette and G Benelli and R Benetta and J L Benichou and W Bialas and A Bjorkebo and DBlechschmidt and C Bloch and P Bloch and S Bonacini and J Bos and M Bosteels and V Boyer and A Branson and H Breuker and R Bruneliere and OBuchmuller and D Campi and T Camporesi and A Caner and E Cano and E Carrone and A Cattai and J P Chatelain and M Chauvey and TChristiansen and M Ciganek and S Cittolin and J Cogan and A Conde Garcia and H Cornet and E Corrin and M Corvo and S Cucciarelli and BCur\'{e} and D D'Enterria and A De Roeck and T de Visser and C Delaere and M Delattre and C Deldicque and D Delikaris and D Deyrail and S DiVincenzo and A Domeniconi and S Dos Santos and G Duthion and L M Edera and A Elliott-Peisert and M Eppard and F Fanzago and MFavre and H Foeth and R Folch and N Frank and S Fratianni and M A Freire and A Frey and A Fucci and W Funk and A Gaddi and F Gagliardi and MGastal and M Gateau and J C Gayde and H Gerwig and A Ghezzi and D Gigi and K Gill and A S Giolo-Nicollerat and J P Girod and F Glege and WGlessing and R Gomez-Reino Garrido and R Goudard and R Grabit and J P Grillet and P Gutierrez Llamas and E Gutierrez Mlot and JGutleber and R Hall-wilton and R Hammarstrom and M Hansen and J Harvey and A Herv\'{e} and J Hill and H F Hoffmann and A Holzner and AHonma and D Hufnagel and M Huhtinen and S D Ilie and V Innocente and W Jank and P Janot and P Jarron and M Jeanrenaud and P Jouvel and RKerkach and K Kloukinas and L J Kottelat and J C Labb\'{e} and D Lacroix and X Lagrue and C Lasseur and E Laure and J F Laurens and PLazeyras and J M Le Goff and M Lebeau and P Lecoq and F Lemeilleur and M Lenzi and N Leonardo and C Leonidopoulos and M Letheren and MLiendl and F Limia-Conde and L Linssen and C Ljuslin and B Lofstedt and R Loos and J A Lopez Perez and C Lourenco and A Lyonnet and AMachard and R Mackenzie and N Magini and G Maire and L Malgeri and R Malina and M Mannelli and A Marchioro and J Martin and F Meijers and PMeridiani and E Meschi and T Meyer and A Meynet Cordonnier and J F Michaud and L Mirabito and R Moser and F Mossiere and JMuffat-Joly and M Mulders and J Mulon and E Murer and P M\"{a}ttig and A Oh and A Onnela and M Oriunno and L Orsini and J A Osborne and CPaillard and I Pal and G Papotti and G Passardi and A Patino-Revuelta and V Patras and B Perea Solano and E Perez and G Perinic and J FPernot and P Petagna and P Petiot and P Petit and A Petrilli and A Pfeiffer and C Piccut and M Pimi\"{a} and R Pintus and M Pioppi and APlacci and L Pollet and H Postema and M J Price and R Principe and A Racz and E Radermacher and R Ranieri and G Raymond and P Rebecchi and JRehn and S Reynaud and H Rezvani Naraghi and D Ricci and M Ridel and M Risoldi and P Rodrigues Simoes Moreira and A Rohlev and GRoiron and G Rolandi and P Rumerio and O Runolfsson and V Ryjov and H Sakulin and D Samyn and L C Santos Amaral and H Sauce and ESbrissa and P Scharff-Hansen and P Schieferdecker and W D Schlatter and B Schmitt and H G Schmuecker and M Schr\"{o}der and CSchwick and C Sch\"{a}fer and I Segoni and P Sempere Roldán and S Sgobba and A Sharma and P Siegrist and C Sigaud and N Sinanis and TSobrier and P Sphicas and M Spiropulu and G Stefanini and A Strandlie and F Szoncsó and B G Taylor and O Teller and A Thea and ETournefier and D Treille and P Tropea and J Troska and E Tsesmelis and A Tsirou and J Valls and I Van Vulpen and M Vander Donckt and FVasey and M Vazquez Acosta and L Veillet and P Vichoudis and G Waurick and J P Wellisch and P Wertelaers and M Wilhelmsson and I MWillers and M Winkler and M Zanetti and W Bertl and K Deiters and P Dick and W Erdmann and D Feichtinger and K Gabathuler and ZHochman and R Horisberger and Q Ingram and H C Kaestli and D Kotlinski and S K\"{o}nig and P Poerschke and D Renker and T Rohe and TSakhelashvili and A Starodumov and V Aleksandrov and F Behner and I Beniozef and B Betev and B Blau and A M Brett and L Caminada and ZChen and N Chivarov and D Da Silva Di Calafiori and S Dambach and G Davatz and V Delachenal and R Della Marina and H Dimov and GDissertori and M Dittmar and L Djambazov and M Dr\"{o}ge and C Eggel and J Ehlers and R Eichler and M Elmiger and G Faber and KFreudenreich and J F Fuchs and G M Georgiev and C Grab and C Haller and J Herrmann and M Hilgers and W Hintz and Hans Hofer and HeinzHofer and U Horisberger and I Horvath and A Hristov and C Humbertclaude and B Iliev and W Kastli and A Kruse and J Kuipers and ULangenegger and P Lecomte and E Lejeune and G Leshev and C Lesmond and B List and P D Luckey and W Lustermann and J D Maillefaud and CMarchica and A Maurisset and B Meier and P Milenovic and M Milesi and F Moortgat and I Nanov and A Nardulli and F Nessi-Tedaldi and BPanev and L Pape and F Pauss and E Petrov and G Petrov and M M Peynekov and D Pitzl and T Punz and P Riboni and J Riedlberger and A Rizzi and FJ Ronga and P A Roykov and U R\"{o}ser and D Schinzel and A Sch\"{o}ning and A Sourkov and K Stanishev and S Stoenchev and F St\"{o}ckli and HSuter and P Tr\"{u}b and S Udriot and D G Uzunova and I Veltchev and G Viertel and H P von Gunten and S Waldmeier-Wicki and R Weber and MWeber and J Weng and M Wensveen and F Wittgenstein and K Zagoursky and E Alagoz and C Amsler and V Chiochia and C Hoermann and CRegenfus and P Robmann and T Rommerskirchen and A Schmidt and S Steiner and D Tsirigkas and L Wilke and S Blyth and Y H Chang and E AChen and A Go and C C Hung and C M Kuo and S W Li and W Lin and P Chang and Y Chao and K F Chen and Z Gao and G W S Hou and Y B Hsiung and Y J Lei and SW Lin and R S Lu and J G Shiu and Y M Tzeng and K Ueno and Y Velikzhanin and C C Wang and M-Z Wang and S Aydin and A Azman and M N Bakirci and SBasegmez and S Cerci and I Dumanoglu and S Erturk and E Eskut and A Kayis Topaksu and H Kisoglu and P Kurt and K Ozdemir and N OzdesKoca and H Ozkurt and S Ozturk and A Polat\"{o}z and K Sogut and H Topakli and M Vergili and G \"{o}neng\"{u}t and H Gamsizkan and S Sekmen and MSerin-Zeyrek and R Sever and M Zeyrek and M Deliomeroglu and E G\"{u}lmez and E Isiksal and M Kaya and O Kaya and S Ozkorucuklu and NSonmez and B Grinev and V Lyubynskiy and V Senchyshyn and L Levchuk and S Lukyanenko and D Soroka and P Sorokin and S Zub and A Anjum and NBaker and T Hauer and R McClatchey and M Odeh and D Rogulin and A Solomonides and J J Brooke and R Croft and D Cussans and D Evans and RFrazier and N Grant and M Hansen and R D Head and G P Heath and H F Heath and C Hill and B Huckvale and J Jackson and C Lynch and C KMackay and S Metson and S J Nash and D M Newbold and A D Presland and M G Probert and E C Reid and V J Smith and R J Tapper and RWalton and E Bateman and K W Bell and R M Brown and B Camanzi and I T Church and D J A Cockerill and J E Cole and J F Connolly and J ACoughlan and P S Flower and P Ford and V B Francis and M J French and S B Galagedera and W Gannon and A P R Gay and N I Geddes and R J SGreenhalgh and R N J Halsall and W J Haynes and J A Hill and F R Jacob and P W Jeffreys and L L Jones and B W Kennedy and A LLintern and A B Lodge and A J Maddox and Q R Morrissey and P Murray and G N Patrick and C A X Pattison and M R Pearson and S P HQuinton and G J Rogers and J G Salisbury and A A Shah and C H Shepherd-Themistocleous and B J Smith and M Sproston and RStephenson and S Taghavi and I R Tomalin and M J Torbet and J H Williams and W J Womersley and S D Worm and F Xing and M Apollonio and FArteche and R Bainbridge and G Barber and P Barrillon and J Batten and R Beuselinck and P M Brambilla Hall and D Britton and WCameron and D E Clark and I W Clark and D Colling and N Cripps and G Davies and M Della Negra and G Dewhirst and S Dris and C Foudas and JFulcher and D Futyan and D J Graham and S Greder and S Greenwood and G Hall and J F Hassard and J Hays and G Iles and V Kasey and MKhaleeq and J Leaver and P Lewis and B C MacEvoy and O Maroney and E M McLeod and D G Miller and J Nash and A Nikitenko and E NoahMessomo and M Noy and A Papageorgiou and M Pesaresi and K Petridis and D R Price and X Qu and D M Raymond and A Rose and S Rutherford and MJ Ryan and F Sciacca and C Seez and P Sharp and G Sidiropoulos and M Stettler and M Stoye and J Striebig and M Takahashi and H Tallini and ATapper and C Timlin and L Toudup and T Virdee and S Wakefield and P Walsham and D Wardrope and M Wingham and Y Zhang and O Zorba and C DaVia and I Goitom and P R Hobson and D C Imrie and I Reid and C Selby and O Sharif and L Teodorescu and S J Watts and I Yaselli and E Hazen and AHeering and A Heister and C Lawlor and D Lazic and E Machado and J Rohlf and L Sulak and F Varela Rodriguez and S X Wu and A Avetisyan and TBose and L Christofek and D Cutts and S Esen and R Hooper and G Landsberg and M Narain and D Nguyen and T Speer and K V Tsang and RBreedon and M Case and M Chertok and J Conway and P T Cox and J Dolen and R Erbacher and Y Fisyak and E Friis and G Grim and B Holbrook and WKo and A Kopecky and R Lander and F C Lin and A Lister and S Maruyama and D Pellett and J Rowe and M Searle and J Smith and A Soha and MSquires and M Tripathi and R Vasquez Sierra and C Veelken and V Andreev and K Arisaka and Y Bonushkin and S Chandramouly and DCline and R Cousins and S Erhan and J Hauser and M Ignatenko and C Jarvis and B Lisowski and C Matthey and B Mohr and J Mumford and SOtwinowski and Y Pischalnikov and G Rakness and P Schlein and Y Shi and B Tannenbaum and J Tucker and V Valuev and R Wallny and H GWang and X Yang and Y Zheng and J Andreeva and J Babb and S Campana and D Chrisman and R Clare and J Ellison and D Fortin and J W Gary and WGorn and G Hanson and G Y Jeng and S C Kao and J G Layter and F Liu and H Liu and A Luthra and G Pasztor and H Rick and A Satpathy and B CShen and R Stringer and V Sytnik and P Tran and S Villa and R Wilken and S Wimpenny and D Zer-Zion and J G Branson and J A CoarasaPerez and E Dusinberre and R Kelley and M Lebourgeois and J Letts and E Lipeles and B Mangano and T Martin and M Mojaver and JMuelmenstaedt and M Norman and H P Paar and A Petrucci and H Pi and M Pieri and A Rana and M Sani and V Sharma and S Simon and A White and FW\"{u}rthwein and A Yagil and A Affolder and A Allen and C Campagnari and M D'Alfonso and A Dierlamm and J Garberson and D Hale and JIncandela and P Kalavase and S A Koay and D Kovalskyi and V Krutelyov and S Kyre and J Lamb and S Lowette and M Nikolic and V Pavlunin and FRebassoo and J Ribnik and J Richman and R Rossin and Y S Shah and D Stuart and S Swain and J R Vlimant and D White and M Witherell and ABornheim and J Bunn and J Chen and G Denis and P Galvez and M Gataullin and I Legrand and V Litvine and Y Ma and R Mao and D Nae and I Narsky and HB Newman and T Orimoto and C Rogan and S Shevchenko and C Steenberg and X Su and M Thomas and V Timciuc and F van Lingen and J Veverka and BR Voicu and A Weinstein and R Wilkinson and Y Xia and Y Yang and L Y Zhang and K Zhu and R Y Zhu and T Ferguson and D W Jang and S Y Jun and MPaulini and J Russ and N Terentyev and H Vogel and I Vorobiev and M Bunce and J P Cumalat and M E Dinardo and B R Drell and W T Ford and KGivens and B Heyburn and D Johnson and U Nauenberg and K Stenson and S R Wagner and L Agostino and J Alexander and F Blekman and DCassel and S Das and J E Duboscq and L K Gibbons and B Heltsley and C D Jones and V Kuznetsov and J R Patterson and D Riley and A Ryd and SStroiney and W Sun and J Thom and J Vaughan and P Wittich and C P Beetz and G Cirino and V Podrasky and C Sanzeni and D Winn and SAbdullin and M A Afaq and M Albrow and J Amundson and G Apollinari and M Atac and W Badgett and J A Bakken and B Baldin and K Banicz and L AT Bauerdick and A Baumbaugh and J Berryhill and P C Bhat and M Binkley and I Bloch and F Borcherding and A Boubekeur and M Bowden and KBurkett and J N Butler and H W K Cheung and G Chevenier and F Chlebana and I Churin and S Cihangir and W Dagenhart and M Demarteau and DDykstra and D P Eartly and J E Elias and V D Elvira and D Evans and I Fisk and J Freeman and I Gaines and P Gartung and F J M Geurts and LGiacchetti and D A Glenzinski and E Gottschalk and T Grassi and D Green and C Grimm and Y Guo and O Gutsche and A Hahn and J Hanlon and R MHarris and T Hesselroth and S Holm and B Holzman and E James and H Jensen and M Johnson and U Joshi and B Klima and S Kossiakov and KKousouris and J Kowalkowski and T Kramer and S Kwan and C M Lei and M Leininger and S Los and L Lueking and G Lukhanin and S Lusin and KMaeshima and J M Marraffino and D Mason and P McBride and T Miao and S Moccia and N Mokhov and S Mrenna and S J Murray and CNewman-Holmes and C Noeding and V O'Dell and M Paterno and D Petravick and R Pordes and O Prokofyev and N Ratnikova and A Ronzhin and VSekhri and E Sexton-Kennedy and I Sfiligoi and T M Shaw and E Skup and R P Smith and W J Spalding and L Spiegel and M Stavrianakou and GStiehr and A L Stone and I Suzuki and P Tan and W Tanenbaum and L E Temple and S Tkaczyk and L Uplegger and E W Vaandering and R Vidal and RWands and H Wenzel and J Whitmore and E Wicklund and W M Wu and Y Wu and J Yarba and V Yarba and F Yumiceva and J C Yun and T Zimmerman and DAcosta and P Avery and V Barashko and P Bartalini and D Bourilkov and R Cavanaugh and S Dolinsky and A Drozdetskiy and R D Field and YFu and I K Furic and L Gorn and D Holmes and B J Kim and S Klimenko and J Konigsberg and A Korytov and K Kotov and P Levchenko and AMadorsky and K Matchev and G Mitselmakher and Y Pakhotin and C Prescott and L Ramond and P Ramond and M Schmitt and B Scurlock and JStasko and H Stoeck and D Wang and J Yelton and V Gaultney and L Kramer and L M Lebolo and S Linn and P Markowitz and G Martinez and J LRodriguez and T Adams and A Askew and O Atramentov and M Bertoldi and W G D Dharmaratna and Y Gershtein and S V Gleyzer and SHagopian and V Hagopian and C J Jenkins and K F Johnson and H Prosper and D Simek and J Thomaston and M Baarmand and L Baksay and SGuragain and M Hohlmann and H Mermerkaya and R Ralich and I Vodopiyanov and M R Adams and I M Anghel and L Apanasevich and OBarannikova and V E Bazterra and R R Betts and C Dragoiu and E J Garcia-Solis and C E Gerber and D J Hofman and R Hollis and AIordanova and S Khalatian and C Mironov and E Shabalina and A Smoron and N Varelas and U Akgun and E A Albayrak and A S Ayan and RBriggs and K Cankocak and W Clarida and A Cooper and P Debbins and F Duru and M Fountain and E McCliment and J P Merlo and AMestvirishvili and M J Miller and A Moeller and C R Newsom and E Norbeck and J Olson and Y Onel and L Perera and I Schmidt and S Wang and TYetkin and E W Anderson and H Chakir and J M Hauptman and J Lamsa and B A Barnett and B Blumenfeld and C Y Chien and G Giurgiu and AGritsan and D W Kim and C K Lae and P Maksimovic and M Swartz and N Tran and P Baringer and A Bean and J Chen and D Coppage and O Grachov and MMurray and V Radicci and J S Wood and V Zhukova and D Bandurin and T Bolton and K Kaadze and W E Kahl and Y Maravin and D Onoprienko and RSidwell and Z Wan and B Dahmes and J Gronberg and J Hollar and D Lange and D Wright and C R Wuest and D Baden and R Bard and S C Eno and DFerencek and N J Hadley and R G Kellogg and M Kirn and S Kunori and E Lockner and F Ratnikov and F Santanastasio and A Skuja and TToole and L Wang and M Wetstein and B Alver and M Ballintijn and G Bauer and W Busza and G Gomez Ceballos and K A Hahn and P Harris and MKlute and I Kravchenko and W Li and C Loizides and T Ma and S Nahn and C Paus and S Pavlon and J Piedra Gomez and C Roland and G Roland and MRudolph and G Stephans and K Sumorok and S Vaurynovich and E A Wenger and B Wyslouch and D Bailleux and S Cooper and P Cushman and A DeBenedetti and A Dolgopolov and P R Dudero and R Egeland and G Franzoni and W J Gilbert and D Gong and J Grahl and J Haupt and KKlapoetke and I Kronkvist and Y Kubota and J Mans and R Rusack and S Sengupta and B Sherwood and A Singovsky and P Vikas and J Zhang and MBooke and L M Cremaldi and R Godang and R Kroeger and M Reep and J Reidy and D A Sanders and P Sonnek and D Summers and S Watkins and KBloom and B Bockelman and D R Claes and A Dominguez and M Eads and M Furukawa and J Keller and T Kelly and C Lundstedt and S Malik and G RSnow and D Swanson and K M Ecklund and I Iashvili and A Kharchilava and A Kumar and M Strang and G Alverson and E Barberis and OBoeriu and G Eulisse and T McCauley and Y Musienko and S Muzaffar and I Osborne and S Reucroft and J Swain and L Taylor and L Tuura and BGobbi and M Kubantsev and A Kubik and R A Ofierzynski and M Schmitt and E Spencer and S Stoynev and M Szleper and M Velasco and S Won and KAndert and B Baumbaugh and B A Beiersdorf and L Castle and J Chorny and A Goussiou and M Hildreth and C Jessop and D J Karmgard and TKolberg and J Marchant and N Marinelli and M McKenna and R Ruchti and M Vigneault and M Wayne and D Wiand and B Bylsma and L S Durkin and JGilmore and J Gu and P Killewald and T Y Ling and C J Rush and V Sehgal and G Williams and N Adam and S Chidzik and P Denes and P Elmer and AGarmash and D Gerbaudo and V Halyo and J Jones and D Marlow and J Olsen and P Pirou\'{e} and D Stickland and C Tully and J S Werner and TWildish and S Wynhoff and Z Xie and X T Huang and A Lopez and H Mendez and J E Ramirez Vargas and A Zatserklyaniy and A Apresyan and KArndt and V E Barnes and G Bolla and D Bortoletto and A Bujak and A Everett and M Fahling and A F Garfinkel and L Gutay and N Ippolito and YKozhevnikov and A T Laasanen and C Liu and V Maroussov and S Medved and P Merkel and D H Miller and J Miyamoto and N Neumeister and APompos and A Roy and A Sedov and I Shipsey and V Cuplov and N Parashar and P Bargassa and S J Lee and J H Liu and D Maronde and M Matveev and TNussbaum and B P Padley and J Roberts and A Tumanov and A Bodek and H Budd and J Cammin and Y S Chung and P De Barbaro and R Demina and GGinther and Y Gotra and S Korjenevski and D C Miner and W Sakumoto and P Slattery and M Zielinski and A Bhatti and L Demortier and KGoulianos and K Hatakeyama and C Mesropian and E Bartz and S H Chuang and J Doroshenko and E Halkiadakis and P F Jacques and DKhits and A Lath and A Macpherson and R Plano and K Rose and S Schnetzer and S Somalwar and R Stone and T L Watts and G Cerizza and MHollingsworth and J Lazoflores and G Ragghianti and S Spanier and A York and A Aurisano and A Golyash and T Kamon and C N Nguyen and JPivarski and A Safonov and D Toback and M Weinberger and N Akchurin and L Berntzon and K W Carrell and K Gumus and C Jeong and H Kim and S WLee and B G Mc Gonagill and Y Roh and A Sill and M Spezziga and R Thomas and I Volobouev and E Washington and R Wigmans and E Yazgan and TBapty and D Engh and C Florez and W Johns and T Keskinpala and E Luiggi Lopez and S Neema and S Nordstrom and S Pathak and P Sheldon and DAndelin and M W Arenton and M Balazs and M Buehler and S Conetti and B Cox and R Hirosky and M Humphrey and R Imlay and A Ledovskoy and DPhillips II and H Powell and M Ronquest and R Yohay and M Anderson and Y W Baek and J N Bellinger and D Bradley and P Cannarsa and DCarlsmith and I Crotty and S Dasu and F Feyzi and T Gorski and L Gray and K S Grogg and M Grothe and M Jaworski and P Klabbers and JKlukas and A Lanaro and C Lazaridis and J Leonard and R Loveless and M Magrans de Abril and A Mohapatra and G Ott and W H Smith and MWeinberg and D Wenman and G S Atoian and S Dhawan and V Issakov and H Neal and A Poblaguev and M E Zeller and G Abdullaeva and AAvezov and M I Fazylov and E M Gasanov and A Khugaev and Y N Koblik and M Nishonov and K Olimov and A Umaraliev and B S Yuldashev}
}

@techreport{alice2013.03,
      author = "B. Abelev and others", 
      collaboration = {ALICE},
      title        = "Charmonium and $e^+e^-$ pair photoproduction at mid-rapidity in ultra-peripheral Pb-Pb collisions at $\sqrt{s_{NN}}$ = 2.76 TeV",
      number       = "arXiv:1305.1467. CERN-PH-EP-2013-066",
      month        = "May",
      year         = "2013",
      note         = "Comments: 26 pages, 6 captioned figures, 3 tables, authors
                      from page 19 to 21",
      annote	   = "/home/pat/ForwardGroup/UPC/doc/ALICE/upcJPsi/1305.1467v1.pdf",
      authnote =  "J. Adam and D. Adamová and A.M. Adare and M.M. Aggarwal and G. Aglieri Rinella and M. Agnello and A.G. Agocs and A. Agostinelli and S. Aguilar Salazar and Z. Ahammed and A. Ahmad Masoodi and N. Ahmad and S.A. Ahn and S.U. Ahn and A. Akindinov and D. Aleksandrov and B. Alessandro and R. Alfaro Molina and A. Alici and A. Alkin and E. Almaráz Aviña and J. Alme and T. Alt and V. Altini and S. Altinpinar and I. Altsybeev and C. Andrei and A. Andronic and V. Anguelov and J. Anielski and C. Anson and T. Antičić and F. Antinori and P. Antonioli and L. Aphecetche and H. Appelsh\"{a}user and N. Arbor and S. Arcelli and A. Arend and N. Armesto and R. Arnaldi and T. Aronsson and I.C. Arsene and M. Arslandok and A. Asryan and A. Augustinus and R. Averbeck and T.C. Awes and J. \"{a}yst\"{o} and M.D. Azmi and M. Bach and A. Badalà and Y.W. Baek and R. Bailhache and R. Bala and R. Baldini Ferroli and A. Baldisseri and F. Baltasar Dos Santos Pedrosa and J. Bán and R.C. Baral and R. Barbera and F. Barile and G.G. Barnaf\"{o}ldi and L.S. Barnby and V. Barret and J. Bartke and M. Basile and N. Bastid and S. Basu and B. Bathen and G. Batigne and B. Batyunya and C. Baumann and I.G. Bearden and H. Beck and N.K. Behera and I. Belikov and F. Bellini and R. Bellwied and E. Belmont-Moreno and G. Bencedi and S. Beole and I. Berceanu and A. Bercuci and Y. Berdnikov and D. Berenyi and A.A.E. Bergognon and D. Berzano and L. Betev and A. Bhasin and A.K. Bhati and J. Bhom and N. Bianchi and L. Bianchi and C. Bianchin and J. Bielčík and J. Bielčíková and A. Bilandzic and S. Bjelogrlic and F. Blanco and F. Blanco and D. Blau and C. Blume and M. Boccioli and N. Bock and S. B\"{o}ttger and A. Bogdanov and H. Bøggild and M. Bogolyubsky and L. Boldizsár and M. Bombara and J. Book and H. Borel and A. Borissov and F. Bossú and M. Botje and E. Botta and B. Boyer and E. Braidot and P. Braun-Munzinger and M. Bregant and T. Breitner and T.A. Browning and M. Broz and R. Brun and E. Bruna and G.E. Bruno and D. Budnikov and H. Buesching and S. Bufalino and O. Busch and Z. Buthelezi and D. Caballero Orduna and D. Caffarri and X. Cai and H. Caines and E. Calvo Villar and P. Camerini and V. Canoa Roman and G. Cara Romeo and W. Carena and F. Carena and N. Carlin Filho and F. Carminati and A. Casanova Díaz and J. Castillo Castellanos and J.F. Castillo Hernandez and E.A.R. Casula and V. Catanescu and C. Cavicchioli and C. Ceballos Sanchez and J. Cepila and P. Cerello and B. Chang and S. Chapeland and J.L. Charvet and S. Chattopadhyay and S. Chattopadhyay and I. Chawla and M. Cherney and C. Cheshkov and B. Cheynis and V. Chibante Barroso and D.D. Chinellato and P. Chochula and M. Chojnacki and S. Choudhury and P. Christakoglou and C.H. Christensen and P. Christiansen and T. Chujo and S.U. Chung and C. Cicalo and L. Cifarelli and F. Cindolo and J. Cleymans and F. Coccetti and F. Colamaria and D. Colella and G. Conesa Balbastre and Z. Conesa del Valle and G. Contin and J.G. Contreras and T.M. Cormier and Y. Corrales Morales and P. Cortese and I. Cort\'{e}s Maldonado and M.R. Cosentino and F. Costa and M.E. Cotallo and E. Crescio and P. Crochet and E. Cruz Alaniz and E. Cuautle and L. Cunqueiro and A. Dainese and H.H. Dalsgaard and A. Danu and D. Das and K. Das and I. Das and A. Dash and S. Dash and S. De and G.O.V. de Barros and A. De Caro and G. de Cataldo and J. de Cuveland and A. De Falco and D. De Gruttola and H. Delagrange and A. Deloff and N. De Marco and E. D\'{e}nes and S. De Pasquale and A. Deppman and G. D Erasmo and R. de Rooij and M.A. Diaz Corchero and D. Di Bari and T. Dietel and C. Di Giglio and S. Di Liberto and A. Di Mauro and P. Di Nezza and R. Divià and Ø. Djuvsland and A. Dobrin and T. Dobrowolski and I. Domínguez and B. D\"{o}nigus and O. Dordic and O. Driga and A.K. Dubey and A. Dubla and L. Ducroux and P. Dupieux and A.K. Dutta Majumdar and M.R. Dutta Majumdar and D. Elia and D. Emschermann and H. Engel and B. Erazmus and H.A. Erdal and B. Espagnon and M. Estienne and S. Esumi and D. Evans and G. Eyyubova and D. Fabris and J. Faivre and D. Falchieri and A. Fantoni and M. Fasel and R. Fearick and D. Fehlker and L. Feldkamp and D. Felea and A. Feliciello and B. Fenton-Olsen and G. Feofilov and A. Fernández T\'{e}llez and A. Ferretti and R. Ferretti and A. Festanti and J. Figiel and M.A.S. Figueredo and S. Filchagin and D. Finogeev and F.M. Fionda and E.M. Fiore and M. Floris and S. Foertsch and P. Foka and S. Fokin and E. Fragiacomo and A. Francescon and U. Frankenfeld and U. Fuchs and C. Furget and M. Fusco Girard and J.J. Gaardhøje and M. Gagliardi and A. Gago and M. Gallio and D.R. Gangadharan and P. Ganoti and C. Garabatos and E. Garcia-Solis and I. Garishvili and J. Gerhard and M. Germain and C. Geuna and A. Gheata and M. Gheata and P. Ghosh and P. Gianotti and M.R. Girard and P. Giubellino and E. Gladysz-Dziadus and P. Gl\"{a}ssel and R. Gomez and E.G. Ferreiro and L.H. González-Trueba and P. González-Zamora and S. Gorbunov and A. Goswami and S. Gotovac and V. Grabski and L.K. Graczykowski and R. Grajcarek and A. Grelli and C. Grigoras and A. Grigoras and V. Grigoriev and A. Grigoryan and S. Grigoryan and B. Grinyov and N. Grion and P. Gros and J.F. Grosse-Oetringhaus and J.-Y. Grossiord and R. Grosso and F. Guber and R. Guernane and C. Guerra Gutierrez and B. Guerzoni and M. Guilbaud and K. Gulbrandsen and H. Gulkanyan and T. Gunji and A. Gupta and R. Gupta and Ø. Haaland and C. Hadjidakis and M. Haiduc and H. Hamagaki and G. Hamar and B.H. Han and L.D. Hanratty and A. Hansen and Z. Harmanová-Tóthová and J.W. Harris and M. Hartig and A. Harton and D. Hasegan and D. Hatzifotiadou and A. Hayrapetyan and S.T. Heckel and M. Heide and H. Helstrup and A. Herghelegiu and G. Herrera Corral and N. Herrmann and B.A. Hess and K.F. Hetland and B. Hicks and B. Hippolyte and Y. Hori and P. Hristov and I. Hřivnáčová and M. Huang and T.J. Humanic and D.S. Hwang and R. Ichou and R. Ilkaev and I. Ilkiv and M. Inaba and E. Incani and G.M. Innocenti and P.G. Innocenti and M. Ippolitov and M. Irfan and C. Ivan and V. Ivanov and A. Ivanov and M. Ivanov and O. Ivanytskyi and A. Jacholkowski and P.M. Jacobs and H.J. Jang and R. Janik and M.A. Janik and P.H.S.Y. Jayarathna and S. Jena and D.M. Jha and R.T. Jimenez Bustamante and P.G. Jones and H. Jung and A. Jusko and A.B. Kaidalov and S. Kalcher and P. Kaliňák and T. Kalliokoski and A. Kalweit and J.H. Kang and V. Kaplin and A. Karasu Uysal and O. Karavichev and T. Karavicheva and E. Karpechev and A. Kazantsev and U. Kebschull and R. Keidel and S.A. Khan and P. Khan and M.M. Khan and A. Khanzadeev and Y. Kharlov and B. Kileng and M. Kim and S. Kim and D.J. Kim and D.W. Kim and J.H. Kim and J.S. Kim and T. Kim and M. Kim and B. Kim and S. Kirsch and I. Kisel and S. Kiselev and A. Kisiel and J.L. Klay and J. Klein and C. Klein-B\"{o}sing and M. Kliemant and A. Kluge and M.L. Knichel and A.G. Knospe and K. Koch and M.K. K\"{o}hler and T. Kollegger and A. Kolojvari and V. Kondratiev and N. Kondratyeva and A. Konevskikh and R. Kour and M. Kowalski and S. Kox and G. Koyithatta Meethaleveedu and J. Kral and I. Králik and F. Kramer and A. Kravčáková and T. Krawutschke and M. Krelina and M. Kretz and M. Krivda and F. Krizek and M. Krus and E. Kryshen and M. Krzewicki and Y. Kucheriaev and T. Kugathasan and C. Kuhn and P.G. Kuijer and I. Kulakov and J. Kumar and P. Kurashvili and A.B. Kurepin and A. Kurepin and A. Kuryakin and S. Kushpil and V. Kushpil and H. Kvaerno and M.J. Kweon and Y. Kwon and P. Ladrón de Guevara and I. Lakomov and R. Langoy and S.L. La Pointe and C. Lara and A. Lardeux and P. La Rocca and R. Lea and M. Lechman and K.S. Lee and G.R. Lee and S.C. Lee and J. Lehnert and M. Lenhardt and V. Lenti and H. León and M. Leoncino and I. León Monzón and H. León Vargas and P. L\'{e}vai and J. Lien and R. Lietava and S. Lindal and V. Lindenstruth and C. Lippmann and M.A. Lisa and H.M. Ljunggren and P.I. Loenne and V.R. Loggins and V. Loginov and S. Lohn and D. Lohner and C. Loizides and K.K. Loo and X. Lopez and E. López Torres and G. Løvhøiden and X.-G. Lu and P. Luettig and M. Lunardon and J. Luo and G. Luparello and C. Luzzi and K. Ma and R. Ma and D.M. Madagodahettige-Don and A. Maevskaya and M. Mager and D.P. Mahapatra and A. Maire and M. Malaev and I. Maldonado Cervantes and L. Malinina and D. MalʼKevich and P. Malzacher and A. Mamonov and L. Manceau and L. Mangotra and V. Manko and F. Manso and V. Manzari and Y. Mao and M. Marchisone and J. Mareš and G.V. Margagliotti and A. Margotti and A. Marín and C.A. Marin Tobon and C. Markert and M. Marquard and I. Martashvili and N.A. Martin and P. Martinengo and M.I. Martínez and A. Martínez Davalos and G. Martínez García and Y. Martynov and A. Mas and S. Masciocchi and M. Masera and A. Masoni and L. Massacrier and A. Mastroserio and Z.L. Matthews and A. Matyja and C. Mayer and J. Mazer and M.A. Mazzoni and F. Meddi and A. Menchaca-Rocha and J. Mercado P\'{e}rez and M. Meres and Y. Miake and L. Milano and J. Milosevic and A. Mischke and A.N. Mishra and D. Miśkowiec and C. Mitu and S. Mizuno and J. Mlynarz and B. Mohanty and L. Molnar and L. Montaño Zetina and M. Monteno and E. Montes and T. Moon and M. Morando and D.A. Moreira De Godoy and S. Moretto and A. Morsch and V. Muccifora and E. Mudnic and S. Muhuri and M. Mukherjee and H. M\"{u}ller and M.G. Munhoz and L. Musa and A. Musso and B.K. Nandi and R. Nania and E. Nappi and C. Nattrass and S. Navin and T.K. Nayak and S. Nazarenko and A. Nedosekin and M. Nicassio and M. Niculescu and B.S. Nielsen and T. Niida and S. Nikolaev and V. Nikolic and V. Nikulin and S. Nikulin and B.S. Nilsen and M.S. Nilsson and F. Noferini and P. Nomokonov and G. Nooren and N. Novitzky and A. Nyanin and A. Nyatha and C. Nygaard and J. Nystrand and A. Ochirov and H. Oeschler and S.K. Oh and S. Oh and J. Oleniacz and A.C. Oliveira Da Silva and C. Oppedisano and A. Ortiz Velasquez and A. Oskarsson and P. Ostrowski and J. Otwinowski and K. Oyama and K. Ozawa and Y. Pachmayer and M. Pachr and F. Padilla and P. Pagano and G. Paić and F. Painke and C. Pajares and S.K. Pal and A. Palaha and A. Palmeri and V. Papikyan and G.S. Pappalardo and W.J. Park and A. Passfeld and B. Pastirčák and D.I. Patalakha and V. Paticchio and A. Pavlinov and T. Pawlak and T. Peitzmann and H. Pereira Da Costa and E. Pereira De Oliveira Filho and D. Peresunko and C.E. P\'{e}rez Lara and E. Perez Lezama and D. Perini and D. Perrino and W. Peryt and A. Pesci and V. Peskov and Y. Pestov and V. Petráček and M. Petran and M. Petris and P. Petrov and M. Petrovici and C. Petta and S. Piano and A. Piccotti and M. Pikna and P. Pillot and O. Pinazza and L. Pinsky and N. Pitz and D.B. Piyarathna and M. Planinic and M. Płoskoń and J. Pluta and T. Pocheptsov and S. Pochybova and P.L.M. Podesta-Lerma and M.G. Poghosyan and K. Polák and B. Polichtchouk and A. Pop and S. Porteboeuf-Houssais and V. Pospíšil and B. Potukuchi and S.K. Prasad and R. Preghenella and F. Prino and C.A. Pruneau and I. Pshenichnov and G. Puddu and A. Pulvirenti and V. Punin and M. Putiš and J. Putschke and E. Quercigh and H. Qvigstad and A. Rachevski and A. Rademakers and T.S. R\"{a}ih\"{a} and J. Rak and A. Rakotozafindrabe and L. Ramello and A. Ramírez Reyes and R. Raniwala and S. Raniwala and S.S. R\"{a}s\"{a}nen and B.T. Rascanu and D. Rathee and K.F. Read and J.S. Real and K. Redlich and R.J. Reed and A. Rehman and P. Reichelt and M. Reicher and R. Renfordt and A.R. Reolon and A. Reshetin and F. Rettig and J.-P. Revol and K. Reygers and L. Riccati and R.A. Ricci and T. Richert and M. Richter and P. Riedler and W. Riegler and F. Riggi and M. Rodríguez Cahuantzi and A. Rodriguez Manso and K. Røed and D. Rohr and D. R\"{o}hrich and R. Romita and F. Ronchetti and P. Rosnet and S. Rossegger and A. Rossi and P. Roy and C. Roy and A.J. Rubio Montero and R. Rui and R. Russo and E. Ryabinkin and A. Rybicki and S. Sadovsky and K. Šafařík and R. Sahoo and P.K. Sahu and J. Saini and H. Sakaguchi and S. Sakai and D. Sakata and C.A. Salgado and J. Salzwedel and S. Sambyal and V. Samsonov and X. Sanchez Castro and L. Šándor and A. Sandoval and S. Sano and M. Sano and R. Santoro and J. Sarkamo and E. Scapparone and F. Scarlassara and R.P. Scharenberg and C. Schiaua and R. Schicker and H.R. Schmidt and C. Schmidt and S. Schreiner and S. Schuchmann and J. Schukraft and T. Schuster and Y. Schutz and K. Schwarz and K. Schweda and G. Scioli and E. Scomparin and R. Scott and G. Segato and I. Selyuzhenkov and S. Senyukov and J. Seo and S. Serci and E. Serradilla and A. Sevcenco and A. Shabetai and G. Shabratova and R. Shahoyan and S. Sharma and N. Sharma and S. Rohni and K. Shigaki and K. Shtejer and Y. Sibiriak and M. Siciliano and E. Sicking and S. Siddhanta and T. Siemiarczuk and D. Silvermyr and C. Silvestre and G. Simatovic and G. Simonetti and R. Singaraju and R. Singh and S. Singha and V. Singhal and T. Sinha and B.C. Sinha and B. Sitar and M. Sitta and T.B. Skaali and K. Skjerdal and R. Smakal and N. Smirnov and R.J.M. Snellings and C. Søgaard and R. Soltz and H. Son and J. Song and M. Song and C. Soos and F. Soramel and I. Sputowska and M. Spyropoulou-Stassinaki and B.K. Srivastava and J. Stachel and I. Stan and I. Stan and G. Stefanek and M. Steinpreis and E. Stenlund and G. Steyn and J.H. Stiller and D. Stocco and M. Stolpovskiy and P. Strmen and A.A.P. Suaide and M.A. Subieta Vásquez and T. Sugitate and C. Suire and R. Sultanov and M. Šumbera and T. Susa and T.J.M. Symons and A. Szanto de Toledo and I. Szarka and A. Szczepankiewicz and A. Szostak and M. Szymański and J. Takahashi and J.D. Tapia Takaki and A. Tarantola Peloni and A. Tarazona Martinez and A. Tauro and G. Tejeda Muñoz and A. Telesca and C. Terrevoli and J. Th\"{a}der and D. Thomas and R. Tieulent and A.R. Timmins and D. Tlusty and A. Toia and H. Torii and L. Toscano and V. Trubnikov and D. Truesdale and W.H. Trzaska and T. Tsuji and A. Tumkin and R. Turrisi and T.S. Tveter and J. Ulery and K. Ullaland and J. Ulrich and A. Uras and J. Urbán and G.M. Urciuoli and G.L. Usai and M. Vajzer and M. Vala and L. Valencia Palomo and S. Vallero and P. Vande Vyvre and M. van Leeuwen and L. Vannucci and A. Vargas and R. Varma and M. Vasileiou and A. Vasiliev and V. Vechernin and M. Veldhoen and M. Venaruzzo and E. Vercellin and S. Vergara and R. Vernet and M. Verweij and L. Vickovic and G. Viesti and Z. Vilakazi and O. Villalobos Baillie and Y. Vinogradov and A. Vinogradov and L. Vinogradov and T. Virgili and Y.P. Viyogi and A. Vodopyanov and K. Voloshin and S. Voloshin and G. Volpe and B. von Haller and D. Vranic and J. Vrláková and B. Vulpescu and A. Vyushin and B. Wagner and V. Wagner and R. Wan and D. Wang and Y. Wang and M. Wang and Y. Wang and K. Watanabe and M. Weber and J.P. Wessels and U. Westerhoff and J. Wiechula and J. Wikne and M. Wilde and A. Wilk and G. Wilk and M.C.S. Williams and B. Windelband and L. Xaplanteris Karampatsos and C.G. Yaldo and Y. Yamaguchi and H. Yang and S. Yang and S. Yasnopolskiy and J. Yi and Z. Yin and I.-K. Yoo and J. Yoon and W. Yu and X. Yuan and I. Yushmanov and V. Zaccolo and C. Zach and C. Zampolli and S. Zaporozhets and A. Zarochentsev and P. Závada and N. Zaviyalov and H. Zbroszczyk and P. Zelnicek and I.S. Zgura and M. Zhalov and H. Zhang and X. Zhang and D. Zhou and F. Zhou and Y. Zhou and J. Zhu and J. Zhu and X. Zhu and H. Zhu and A. Zichichi and A. Zimmermann and G. Zinovjev and Y. Zoccarato and M. Zynovyev and M. Zyzak",
}

@article{alice2012.09,
  title          = "{Coherent $J/\psi$ photoproduction in ultra-peripheral
       Pb-Pb collisions at $\sqrt{s_{NN}} = 2.76$ TeV}",
  author = "B. Abelev and others", 
  collaboration = {ALICE},
	journal = "Physics Letters B ",
	volume = "718",
	number = "4–5",
	pages = "1273 - 1283",
	year = "2013",
	note = "",
	issn = "0370-2693",
	doi = "http://dx.doi.org/10.1016/j.physletb.2012.11.059",
	url = "http://www.sciencedirect.com/science/article/pii/S0370269312012257",
	annote = "/home/pat/ForwardGroup/UPC/doc/ALICE/upcJPsi/1209.3715.pdf",
  authnote = {J. Adam and D. Adamová and A.M. Adare and M.M. Aggarwal and G. Aglieri Rinella and M. Agnello and A.G. Agocs and A. Agostinelli and S. Aguilar Salazar and Z. Ahammed and A. Ahmad Masoodi and N. Ahmad and S.A. Ahn and S.U. Ahn and A. Akindinov and D. Aleksandrov and B. Alessandro and R. Alfaro Molina and A. Alici and A. Alkin and E. Almaráz Aviña and J. Alme and T. Alt and V. Altini and S. Altinpinar and I. Altsybeev and C. Andrei and A. Andronic and V. Anguelov and J. Anielski and C. Anson and T. Antičić and F. Antinori and P. Antonioli and L. Aphecetche and H. Appelsh\"{a}user and N. Arbor and S. Arcelli and A. Arend and N. Armesto and R. Arnaldi and T. Aronsson and I.C. Arsene and M. Arslandok and A. Asryan and A. Augustinus and R. Averbeck and T.C. Awes and J. \"{a}yst\"{o} and M.D. Azmi and M. Bach and A. Badalà and Y.W. Baek and R. Bailhache and R. Bala and R. Baldini Ferroli and A. Baldisseri and F. Baltasar Dos Santos Pedrosa and J. Bán and R.C. Baral and R. Barbera and F. Barile and G.G. Barnaf\"{o}ldi and L.S. Barnby and V. Barret and J. Bartke and M. Basile and N. Bastid and S. Basu and B. Bathen and G. Batigne and B. Batyunya and C. Baumann and I.G. Bearden and H. Beck and N.K. Behera and I. Belikov and F. Bellini and R. Bellwied and E. Belmont-Moreno and G. Bencedi and S. Beole and I. Berceanu and A. Bercuci and Y. Berdnikov and D. Berenyi and A.A.E. Bergognon and D. Berzano and L. Betev and A. Bhasin and A.K. Bhati and J. Bhom and N. Bianchi and L. Bianchi and C. Bianchin and J. Bielčík and J. Bielčíková and A. Bilandzic and S. Bjelogrlic and F. Blanco and F. Blanco and D. Blau and C. Blume and M. Boccioli and N. Bock and S. B\"{o}ttger and A. Bogdanov and H. Bøggild and M. Bogolyubsky and L. Boldizsár and M. Bombara and J. Book and H. Borel and A. Borissov and F. Bossú and M. Botje and E. Botta and B. Boyer and E. Braidot and P. Braun-Munzinger and M. Bregant and T. Breitner and T.A. Browning and M. Broz and R. Brun and E. Bruna and G.E. Bruno and D. Budnikov and H. Buesching and S. Bufalino and O. Busch and Z. Buthelezi and D. Caballero Orduna and D. Caffarri and X. Cai and H. Caines and E. Calvo Villar and P. Camerini and V. Canoa Roman and G. Cara Romeo and W. Carena and F. Carena and N. Carlin Filho and F. Carminati and A. Casanova Díaz and J. Castillo Castellanos and J.F. Castillo Hernandez and E.A.R. Casula and V. Catanescu and C. Cavicchioli and C. Ceballos Sanchez and J. Cepila and P. Cerello and B. Chang and S. Chapeland and J.L. Charvet and S. Chattopadhyay and S. Chattopadhyay and I. Chawla and M. Cherney and C. Cheshkov and B. Cheynis and V. Chibante Barroso and D.D. Chinellato and P. Chochula and M. Chojnacki and S. Choudhury and P. Christakoglou and C.H. Christensen and P. Christiansen and T. Chujo and S.U. Chung and C. Cicalo and L. Cifarelli and F. Cindolo and J. Cleymans and F. Coccetti and F. Colamaria and D. Colella and G. Conesa Balbastre and Z. Conesa del Valle and G. Contin and J.G. Contreras and T.M. Cormier and Y. Corrales Morales and P. Cortese and I. Cort\'{e}s Maldonado and M.R. Cosentino and F. Costa and M.E. Cotallo and E. Crescio and P. Crochet and E. Cruz Alaniz and E. Cuautle and L. Cunqueiro and A. Dainese and H.H. Dalsgaard and A. Danu and D. Das and K. Das and I. Das and A. Dash and S. Dash and S. De and G.O.V. de Barros and A. De Caro and G. de Cataldo and J. de Cuveland and A. De Falco and D. De Gruttola and H. Delagrange and A. Deloff and N. De Marco and E. D\'{e}nes and S. De Pasquale and A. Deppman and G. D Erasmo and R. de Rooij and M.A. Diaz Corchero and D. Di Bari and T. Dietel and C. Di Giglio and S. Di Liberto and A. Di Mauro and P. Di Nezza and R. Divià and Ø. Djuvsland and A. Dobrin and T. Dobrowolski and I. Domínguez and B. D\"{o}nigus and O. Dordic and O. Driga and A.K. Dubey and A. Dubla and L. Ducroux and P. Dupieux and A.K. Dutta Majumdar and M.R. Dutta Majumdar and D. Elia and D. Emschermann and H. Engel and B. Erazmus and H.A. Erdal and B. Espagnon and M. Estienne and S. Esumi and D. Evans and G. Eyyubova and D. Fabris and J. Faivre and D. Falchieri and A. Fantoni and M. Fasel and R. Fearick and D. Fehlker and L. Feldkamp and D. Felea and A. Feliciello and B. Fenton-Olsen and G. Feofilov and A. Fernández T\'{e}llez and A. Ferretti and R. Ferretti and A. Festanti and J. Figiel and M.A.S. Figueredo and S. Filchagin and D. Finogeev and F.M. Fionda and E.M. Fiore and M. Floris and S. Foertsch and P. Foka and S. Fokin and E. Fragiacomo and A. Francescon and U. Frankenfeld and U. Fuchs and C. Furget and M. Fusco Girard and J.J. Gaardhøje and M. Gagliardi and A. Gago and M. Gallio and D.R. Gangadharan and P. Ganoti and C. Garabatos and E. Garcia-Solis and I. Garishvili and J. Gerhard and M. Germain and C. Geuna and A. Gheata and M. Gheata and P. Ghosh and P. Gianotti and M.R. Girard and P. Giubellino and E. Gladysz-Dziadus and P. Gl\"{a}ssel and R. Gomez and E.G. Ferreiro and L.H. González-Trueba and P. González-Zamora and S. Gorbunov and A. Goswami and S. Gotovac and V. Grabski and L.K. Graczykowski and R. Grajcarek and A. Grelli and C. Grigoras and A. Grigoras and V. Grigoriev and A. Grigoryan and S. Grigoryan and B. Grinyov and N. Grion and P. Gros and J.F. Grosse-Oetringhaus and J.-Y. Grossiord and R. Grosso and F. Guber and R. Guernane and C. Guerra Gutierrez and B. Guerzoni and M. Guilbaud and K. Gulbrandsen and H. Gulkanyan and T. Gunji and A. Gupta and R. Gupta and Ø. Haaland and C. Hadjidakis and M. Haiduc and H. Hamagaki and G. Hamar and B.H. Han and L.D. Hanratty and A. Hansen and Z. Harmanová-Tóthová and J.W. Harris and M. Hartig and A. Harton and D. Hasegan and D. Hatzifotiadou and A. Hayrapetyan and S.T. Heckel and M. Heide and H. Helstrup and A. Herghelegiu and G. Herrera Corral and N. Herrmann and B.A. Hess and K.F. Hetland and B. Hicks and B. Hippolyte and Y. Hori and P. Hristov and I. Hřivnáčová and M. Huang and T.J. Humanic and D.S. Hwang and R. Ichou and R. Ilkaev and I. Ilkiv and M. Inaba and E. Incani and G.M. Innocenti and P.G. Innocenti and M. Ippolitov and M. Irfan and C. Ivan and V. Ivanov and A. Ivanov and M. Ivanov and O. Ivanytskyi and A. Jacholkowski and P.M. Jacobs and H.J. Jang and R. Janik and M.A. Janik and P.H.S.Y. Jayarathna and S. Jena and D.M. Jha and R.T. Jimenez Bustamante and P.G. Jones and H. Jung and A. Jusko and A.B. Kaidalov and S. Kalcher and P. Kaliňák and T. Kalliokoski and A. Kalweit and J.H. Kang and V. Kaplin and A. Karasu Uysal and O. Karavichev and T. Karavicheva and E. Karpechev and A. Kazantsev and U. Kebschull and R. Keidel and S.A. Khan and P. Khan and M.M. Khan and A. Khanzadeev and Y. Kharlov and B. Kileng and M. Kim and S. Kim and D.J. Kim and D.W. Kim and J.H. Kim and J.S. Kim and T. Kim and M. Kim and B. Kim and S. Kirsch and I. Kisel and S. Kiselev and A. Kisiel and J.L. Klay and J. Klein and C. Klein-B\"{o}sing and M. Kliemant and A. Kluge and M.L. Knichel and A.G. Knospe and K. Koch and M.K. K\"{o}hler and T. Kollegger and A. Kolojvari and V. Kondratiev and N. Kondratyeva and A. Konevskikh and R. Kour and M. Kowalski and S. Kox and G. Koyithatta Meethaleveedu and J. Kral and I. Králik and F. Kramer and A. Kravčáková and T. Krawutschke and M. Krelina and M. Kretz and M. Krivda and F. Krizek and M. Krus and E. Kryshen and M. Krzewicki and Y. Kucheriaev and T. Kugathasan and C. Kuhn and P.G. Kuijer and I. Kulakov and J. Kumar and P. Kurashvili and A.B. Kurepin and A. Kurepin and A. Kuryakin and S. Kushpil and V. Kushpil and H. Kvaerno and M.J. Kweon and Y. Kwon and P. Ladrón de Guevara and I. Lakomov and R. Langoy and S.L. La Pointe and C. Lara and A. Lardeux and P. La Rocca and R. Lea and M. Lechman and K.S. Lee and G.R. Lee and S.C. Lee and J. Lehnert and M. Lenhardt and V. Lenti and H. León and M. Leoncino and I. León Monzón and H. León Vargas and P. L\'{e}vai and J. Lien and R. Lietava and S. Lindal and V. Lindenstruth and C. Lippmann and M.A. Lisa and H.M. Ljunggren and P.I. Loenne and V.R. Loggins and V. Loginov and S. Lohn and D. Lohner and C. Loizides and K.K. Loo and X. Lopez and E. López Torres and G. Løvhøiden and X.-G. Lu and P. Luettig and M. Lunardon and J. Luo and G. Luparello and C. Luzzi and K. Ma and R. Ma and D.M. Madagodahettige-Don and A. Maevskaya and M. Mager and D.P. Mahapatra and A. Maire and M. Malaev and I. Maldonado Cervantes and L. Malinina and D. MalʼKevich and P. Malzacher and A. Mamonov and L. Manceau and L. Mangotra and V. Manko and F. Manso and V. Manzari and Y. Mao and M. Marchisone and J. Mareš and G.V. Margagliotti and A. Margotti and A. Marín and C.A. Marin Tobon and C. Markert and M. Marquard and I. Martashvili and N.A. Martin and P. Martinengo and M.I. Martínez and A. Martínez Davalos and G. Martínez García and Y. Martynov and A. Mas and S. Masciocchi and M. Masera and A. Masoni and L. Massacrier and A. Mastroserio and Z.L. Matthews and A. Matyja and C. Mayer and J. Mazer and M.A. Mazzoni and F. Meddi and A. Menchaca-Rocha and J. Mercado P\'{e}rez and M. Meres and Y. Miake and L. Milano and J. Milosevic and A. Mischke and A.N. Mishra and D. Miśkowiec and C. Mitu and S. Mizuno and J. Mlynarz and B. Mohanty and L. Molnar and L. Montaño Zetina and M. Monteno and E. Montes and T. Moon and M. Morando and D.A. Moreira De Godoy and S. Moretto and A. Morsch and V. Muccifora and E. Mudnic and S. Muhuri and M. Mukherjee and H. M\"{u}ller and M.G. Munhoz and L. Musa and A. Musso and B.K. Nandi and R. Nania and E. Nappi and C. Nattrass and S. Navin and T.K. Nayak and S. Nazarenko and A. Nedosekin and M. Nicassio and M. Niculescu and B.S. Nielsen and T. Niida and S. Nikolaev and V. Nikolic and V. Nikulin and S. Nikulin and B.S. Nilsen and M.S. Nilsson and F. Noferini and P. Nomokonov and G. Nooren and N. Novitzky and A. Nyanin and A. Nyatha and C. Nygaard and J. Nystrand and A. Ochirov and H. Oeschler and S.K. Oh and S. Oh and J. Oleniacz and A.C. Oliveira Da Silva and C. Oppedisano and A. Ortiz Velasquez and A. Oskarsson and P. Ostrowski and J. Otwinowski and K. Oyama and K. Ozawa and Y. Pachmayer and M. Pachr and F. Padilla and P. Pagano and G. Paić and F. Painke and C. Pajares and S.K. Pal and A. Palaha and A. Palmeri and V. Papikyan and G.S. Pappalardo and W.J. Park and A. Passfeld and B. Pastirčák and D.I. Patalakha and V. Paticchio and A. Pavlinov and T. Pawlak and T. Peitzmann and H. Pereira Da Costa and E. Pereira De Oliveira Filho and D. Peresunko and C.E. P\'{e}rez Lara and E. Perez Lezama and D. Perini and D. Perrino and W. Peryt and A. Pesci and V. Peskov and Y. Pestov and V. Petráček and M. Petran and M. Petris and P. Petrov and M. Petrovici and C. Petta and S. Piano and A. Piccotti and M. Pikna and P. Pillot and O. Pinazza and L. Pinsky and N. Pitz and D.B. Piyarathna and M. Planinic and M. Płoskoń and J. Pluta and T. Pocheptsov and S. Pochybova and P.L.M. Podesta-Lerma and M.G. Poghosyan and K. Polák and B. Polichtchouk and A. Pop and S. Porteboeuf-Houssais and V. Pospíšil and B. Potukuchi and S.K. Prasad and R. Preghenella and F. Prino and C.A. Pruneau and I. Pshenichnov and G. Puddu and A. Pulvirenti and V. Punin and M. Putiš and J. Putschke and E. Quercigh and H. Qvigstad and A. Rachevski and A. Rademakers and T.S. R\"{a}ih\"{a} and J. Rak and A. Rakotozafindrabe and L. Ramello and A. Ramírez Reyes and R. Raniwala and S. Raniwala and S.S. R\"{a}s\"{a}nen and B.T. Rascanu and D. Rathee and K.F. Read and J.S. Real and K. Redlich and R.J. Reed and A. Rehman and P. Reichelt and M. Reicher and R. Renfordt and A.R. Reolon and A. Reshetin and F. Rettig and J.-P. Revol and K. Reygers and L. Riccati and R.A. Ricci and T. Richert and M. Richter and P. Riedler and W. Riegler and F. Riggi and M. Rodríguez Cahuantzi and A. Rodriguez Manso and K. Røed and D. Rohr and D. R\"{o}hrich and R. Romita and F. Ronchetti and P. Rosnet and S. Rossegger and A. Rossi and P. Roy and C. Roy and A.J. Rubio Montero and R. Rui and R. Russo and E. Ryabinkin and A. Rybicki and S. Sadovsky and K. Šafařík and R. Sahoo and P.K. Sahu and J. Saini and H. Sakaguchi and S. Sakai and D. Sakata and C.A. Salgado and J. Salzwedel and S. Sambyal and V. Samsonov and X. Sanchez Castro and L. Šándor and A. Sandoval and S. Sano and M. Sano and R. Santoro and J. Sarkamo and E. Scapparone and F. Scarlassara and R.P. Scharenberg and C. Schiaua and R. Schicker and H.R. Schmidt and C. Schmidt and S. Schreiner and S. Schuchmann and J. Schukraft and T. Schuster and Y. Schutz and K. Schwarz and K. Schweda and G. Scioli and E. Scomparin and R. Scott and G. Segato and I. Selyuzhenkov and S. Senyukov and J. Seo and S. Serci and E. Serradilla and A. Sevcenco and A. Shabetai and G. Shabratova and R. Shahoyan and S. Sharma and N. Sharma and S. Rohni and K. Shigaki and K. Shtejer and Y. Sibiriak and M. Siciliano and E. Sicking and S. Siddhanta and T. Siemiarczuk and D. Silvermyr and C. Silvestre and G. Simatovic and G. Simonetti and R. Singaraju and R. Singh and S. Singha and V. Singhal and T. Sinha and B.C. Sinha and B. Sitar and M. Sitta and T.B. Skaali and K. Skjerdal and R. Smakal and N. Smirnov and R.J.M. Snellings and C. Søgaard and R. Soltz and H. Son and J. Song and M. Song and C. Soos and F. Soramel and I. Sputowska and M. Spyropoulou-Stassinaki and B.K. Srivastava and J. Stachel and I. Stan and I. Stan and G. Stefanek and M. Steinpreis and E. Stenlund and G. Steyn and J.H. Stiller and D. Stocco and M. Stolpovskiy and P. Strmen and A.A.P. Suaide and M.A. Subieta Vásquez and T. Sugitate and C. Suire and R. Sultanov and M. Šumbera and T. Susa and T.J.M. Symons and A. Szanto de Toledo and I. Szarka and A. Szczepankiewicz and A. Szostak and M. Szymański and J. Takahashi and J.D. Tapia Takaki and A. Tarantola Peloni and A. Tarazona Martinez and A. Tauro and G. Tejeda Muñoz and A. Telesca and C. Terrevoli and J. Th\"{a}der and D. Thomas and R. Tieulent and A.R. Timmins and D. Tlusty and A. Toia and H. Torii and L. Toscano and V. Trubnikov and D. Truesdale and W.H. Trzaska and T. Tsuji and A. Tumkin and R. Turrisi and T.S. Tveter and J. Ulery and K. Ullaland and J. Ulrich and A. Uras and J. Urbán and G.M. Urciuoli and G.L. Usai and M. Vajzer and M. Vala and L. Valencia Palomo and S. Vallero and P. Vande Vyvre and M. van Leeuwen and L. Vannucci and A. Vargas and R. Varma and M. Vasileiou and A. Vasiliev and V. Vechernin and M. Veldhoen and M. Venaruzzo and E. Vercellin and S. Vergara and R. Vernet and M. Verweij and L. Vickovic and G. Viesti and Z. Vilakazi and O. Villalobos Baillie and Y. Vinogradov and A. Vinogradov and L. Vinogradov and T. Virgili and Y.P. Viyogi and A. Vodopyanov and K. Voloshin and S. Voloshin and G. Volpe and B. von Haller and D. Vranic and J. Vrláková and B. Vulpescu and A. Vyushin and B. Wagner and V. Wagner and R. Wan and D. Wang and Y. Wang and M. Wang and Y. Wang and K. Watanabe and M. Weber and J.P. Wessels and U. Westerhoff and J. Wiechula and J. Wikne and M. Wilde and A. Wilk and G. Wilk and M.C.S. Williams and B. Windelband and L. Xaplanteris Karampatsos and C.G. Yaldo and Y. Yamaguchi and H. Yang and S. Yang and S. Yasnopolskiy and J. Yi and Z. Yin and I.-K. Yoo and J. Yoon and W. Yu and X. Yuan and I. Yushmanov and V. Zaccolo and C. Zach and C. Zampolli and S. Zaporozhets and A. Zarochentsev and P. Závada and N. Zaviyalov and H. Zbroszczyk and P. Zelnicek and I.S. Zgura and M. Zhalov and H. Zhang and X. Zhang and D. Zhou and F. Zhou and Y. Zhou and J. Zhu and J. Zhu and X. Zhu and H. Zhu and A. Zichichi and A. Zimmermann and G. Zinovjev and Y. Zoccarato and M. Zynovyev and M. Zyzak}
}

@techreport{cgc2013.05,
      author       = "Ducati, M B Gay and Griep, M T and Machado, M V T",
      title        = "Exclusive photoproduction of J/$\psi$ and $\psi$(2S) states in
                      proton-proton collisions at the CERN LHC",
      number       = "arXiv:1305.4611",
      month        = "May",
      year         = "2013",
      note        = "Comments: 04 pages, 2 figures. arXiv admin note: text
                      overlap with arXiv:1305.2407",
     annote	   = "/home/pat/ForwardGroup/UPC/doc/Theory/upcPapers/CGC/1305.2407.pdf",
}

@INPROCEEDINGS{WWFermi,
	author = {{Fermi}, E.},
	title = "{On the Theory of Collisions between Atoms and Electrically Charged Particles}",
	booktitle = {Electromagnetic Probes of Fundamental Physics},
	year = 2003,
	eprint = {hep-th/0205086},
	editor = {{Marciano}, W. and {White}, S.},
	month = sep,
	pages = {243-252},
	doi = {10.1142/9789812704214_0026},
	adsurl = {http://adsabs.harvard.edu/abs/2003epfp.conf..243F},
	adsnote = {Provided by the SAO/NASA Astrophysics Data System}
}

@book{WWJackson,
	added-at = {2009-07-03T16:37:23.000+0200},
	address = {New York, {NY}},
	author = {Jackson, John David},
	biburl = {http://www.bibsonomy.org/bibtex/2baac05176a92886bbe1eae5ee72cf234/cernlibrary},
	edition = {3rd ed.},
	interhash = {05096e24942ceab2a2e9f0d35a45183a},
	intrahash = {baac05176a92886bbe1eae5ee72cf234},
	isbn = {9780471309321},
	keywords = {Fields Maxwell SummerStudentReadList09 book collisions electromagnetic electrostatic equations magnetostatics particle physics radiation relativity special waves},
	lccn = {538.3537.8},
	publisher = {Wiley},
	timestamp = {2009-07-03T16:37:22.000+0200},
	title = {Classical electrodynamics},
	url = {http://cdsweb.cern.ch/record/490457},
	year = 1999
}

@article{dAuOniaPHENIX,
	author         = "Adare, A. and others",
	title          = "{Cold Nuclear Matter Effects on $J/\psi$ Yields as a
	Function of Rapidity and Nuclear Geometry in Deuteron-Gold
		    Collisions at $\sqrt{s_{NN}}=200$ GeV}",
	collaboration  = "PHENIX Collaboration",
	journal        = "Phys.Rev.Lett.",
	volume         = "107",
	pages          = "142301",
	doi            = "10.1103/PhysRevLett.107.142301",
	year           = "2011",
	eprint         = "1010.1246",
	archivePrefix  = "arXiv",
	primaryClass   = "nucl-ex",
	SLACcitation   = "%%CITATION = ARXIV:1010.1246;%%",
	annote 	       = "/home/pat/ClassWork/GS700DisWrite/upcPhotoProductionChapter/upcPapers/PHENIX/1010.1246v1.pdf",
}

@book{WWBrau,
	address = {New York, {NY}},
	author = {Brau, Charles A.},
	edition = {1st ed.},
	isbn = {9780195146653},
	lccn = {2002070369},
	publisher = {Oxford},
	title = {Modern Problems in Classical Electrodynamics},
	year = 2004
}

@article{vmd1999,
	title = {Exclusive vector meson production in relativistic heavy ion collisions},
	author = {Klein, Spencer R. and Nystrand, Joakim},
	journal = {Phys. Rev. C},
	volume = {60},
	issue = {1},
	pages = {014903},
	numpages = {8},
	year = {1999},
	month = {Jun},
	publisher = {American Physical Society},
	doi = {10.1103/PhysRevC.60.014903},
	url = {http://link.aps.org/doi/10.1103/PhysRevC.60.014903},
	annote = "/home/pat/Desktop/GS700DisWrite/upcPhotoProductionChapter/upcPapers/VMD/PhysRevC.80.044902.pdf"
}

@article{vmd2000.03,
	title = {Interference in Exclusive Vector Meson Production in Heavy-Ion Collisions},
	author = {Klein, Spencer R. and Nystrand, Joakim},
	journal = {Phys. Rev. Lett.},
	volume = {84},
	issue = {11},
	pages = {2330--2333},
	numpages = {0},
	year = {2000},
	month = {Mar},
	publisher = {American Physical Society},
	doi = {10.1103/PhysRevLett.84.2330},
	url = {http://link.aps.org/doi/10.1103/PhysRevLett.84.2330},
	annote = "/home/pat/Desktop/GS700DisWrite/upcPhotoProductionChapter/upcPapers/VMD/PhysRevLett.84.2330.pdf"
}

@article{lta2011.09,
	author         = "Rebyakova, V. and Strikman, M. and Zhalov, M.",
	title          = "{Coherent rho and J/psi photoproduction in ultraperipheral processes with electromagnetic
			    dissociation of heavy ions at RHIC and LHC}",
	journal        = "Phys.Lett.",
	volume         = "B710",
	pages          = "647-653",
	doi            = "10.1016/j.physletb.2012.03.041",
	year           = "2012",
	eprint         = "1109.0737",
	archivePrefix  = "arXiv",
	primaryClass   = "hep-ph",
	SLACcitation   = "%%CITATION = ARXIV:1109.0737;%%",
	annote = "/home/pat/Desktop/GS700DisWrite/upcPhotoProductionChapter/upcPapers/LTA/1109.0737v1.pdf"
}

@article{lta2012.03,
	title = "Coherent $\rho$ and {J/$\Psi$} photoproduction in ultraperipheral processes with electromagnetic dissociation of heavy ions at {RHIC} and {LHC}",
	journal = "Physics Letters B ",
	volume = "710",
	number = "4–5",
	pages = "647 - 653",
	year = "2012",
	note = "",
	issn = "0370-2693",
	doi = "http://dx.doi.org/10.1016/j.physletb.2012.03.041",
	url = "http://www.sciencedirect.com/science/article/pii/S0370269312003152",
	author = "V. Rebyakova and M. Strikman and M. Zhalov",
	annote = "/home/pat/Desktop/GS700DisWrite/upcPhotoProductionChapter/upcPapers/LTA/1-s2.0-S0370269312003152-main.pdf"
}

@article{lta2013.05,
	title = "Evidence for nuclear gluon shadowing from the {ALICE} measurements of PbPb ultraperipheral exclusive production ",
	journal = "Physics Letters B ",
	volume = "726",
	number = "1–3",
	pages = "290 - 295",
	year = "2013",
	note = "",
	issn = "0370-2693",
	doi = "http://dx.doi.org/10.1016/j.physletb.2013.08.043",
	url = "http://www.sciencedirect.com/science/article/pii/S0370269313006825",
	author = "V. Guzey and E. Kryshen and M. Strikman and M. Zhalov",
	annote = "/home/pat/ForwardGroup/UPC/doc/Theory/upcPapers/LTA/1305.1724.pdf"
}

@article{pQCD2011.08,
	title = "Gluon distributions in nuclei probed at energies available at the {CERN} Large Hadron Collider",
	author = {Adeluyi, Adeola and Bertulani, Carlos A.},
	journal = {Phys. Rev. C},
	volume = {84},
	issue = {2},
	pages = {024916},
	numpages = {9},
	year = {2011},
	month = {Aug},
	publisher = {American Physical Society},
	doi = {10.1103/PhysRevC.84.024916},
	url = {http://link.aps.org/doi/10.1103/PhysRevC.84.024916},
	annote = "/home/pat/Desktop/GS700DisWrite/upcPhotoProductionChapter/upcPapers/pQCD/PhysRevC.84.024916.pdf"
}

@article{pQCD2013.02,
	author         = "Adeluyi, Adeola and Nguyen, Trang",
	title          = "{Coherent photoproduction of $\psi$ and $\Upsilon$ mesons
	in ultraperipheral pPb and PbPb collisions at the {CERN}
			    Large Hadron Collider at $\sqrt {S_{NN}}=5$ TeV and $\sqrt
						    {S_{NN}}=2.76$ TeV}",
	journal = {Phys. Rev. C},
	volume = {87},
	issue = {2},
	pages = {027901},
	numpages = {4},
	year = {2013},
	month = {Feb},
	publisher = {American Physical Society},
	doi = {10.1103/PhysRevC.87.027901},
	url = {http://link.aps.org/doi/10.1103/PhysRevC.87.027901},
	eprint         = "1302.4288",
	archivePrefix  = "arXiv",
	primaryClass   = "nucl-th",
	SLACcitation   = "%%CITATION = ARXIV:1302.4288;%%",
	annote = "/home/pat/Desktop/GS700DisWrite/upcPhotoProductionChapter/upcPapers/pQCD/1302.4288.pdf"
}

@article{starUPCrho,
  title = {Coherent $\rho${}0 Production in Ultraperipheral Heavy-Ion Collisions},
  author = {Adler, C. and Ahammed, Z. and Allgower, C. and Amonett, J. and Anderson, B. D. and Anderson, M. and Averichev, G. S. and Balewski, J. and Barannikova, O. and Barnby, L. S. and Baudot, J. and Bekele, S. and Belaga, V. V. and Bellwied, R. and Berger, J. and Bichsel, H. and Bland, L. C. and Blyth, C. O. and Bonner, B. E. and Boucham, A. and Brandin, A. and Bravar, A. and Cadman, R. V. and Caines, H. and de la Barca S\'anchez, M. Calder\'on and Cardenas, A. and Carroll, J. and Castillo, J. and Castro, M. and Cebra, D. and Chaloupka, P. and Chattopadhyay, S. and Chen, Y. and Chernenko, S. P. and Cherney, M. and Chikanian, A. and Choi, B. and Christie, W. and Coffin, J. P. and Cormier, T. M. and Cramer, J. G. and Crawford, H. J. and Deng, W. S. and Derevschikov, A. A. and Didenko, L. and Dietel, T. and Draper, J. E. and Dunin, V. B. and Dunlop, J. C. and Eckardt, V. and Efimov, L. G. and Emelianov, V. and Engelage, J. and Eppley, G. and Erazmus, B. and Fachini, P. and Faine, V. and Filimonov, K. and Finch, E. and Fisyak, Y. and Flierl, D. and Foley, K. J. and Fu, J. and Gagliardi, C. A. and Gagunashvili, N. and Gans, J. and Gaudichet, L. and Germain, M. and Geurts, F. and Ghazikhanian, V. and Grachov, O. and Grigoriev, V. and Guedon, M. and Gushin, E. and Hallman, T. J. and Hardtke, D. and Harris, J. W. and Henry, T. W. and Heppelmann, S. and Herston, T. and Hippolyte, B. and Hirsch, A. and Hjort, E. and Hoffmann, G. W. and Horsley, M. and Huang, H. Z. and Humanic, T. J. and Igo, G. and Ishihara, A. and Ivanshin, Yu. I. and Jacobs, P. and Jacobs, W. W. and Janik, M. and Johnson, I. and Jones, P. G. and Judd, E. G. and Kaneta, M. and Kaplan, M. and Keane, D. and Kiryluk, J. and Kisiel, A. and Klay, J. and Klein, S. R. and Klyachko, A. and Konstantinov, A. S. and Kopytine, M. and Kotchenda, L. and Kovalenko, A. D. and Kramer, M. and Kravtsov, P. and Krueger, K. and Kuhn, C. and Kulikov, A. I. and Kunde, G. J. and Kunz, C. L. and Kutuev, R. Kh. and Kuznetsov, A. A. and Lakehal-Ayat, L. and Lamont, M. A. C. and Landgraf, J. M. and Lange, S. and Lansdell, C. P. and Lasiuk, B. and Laue, F. and Lebedev, A. and Lednick\'y, R. and Leontiev, V. M. and LeVine, M. J. and Li, Q. and Lindenbaum, S. J. and Lisa, M. A. and Liu, F. and Liu, L. and Liu, Z. and Liu, Q. J. and Ljubicic, T. and Llope, W. J. and LoCurto, G. and Long, H. and Longacre, R. S. and Lopez-Noriega, M. and Love, W. A. and Ludlam, T. and Lynn, D. and Ma, J. and Majka, R. and Margetis, S. and Markert, C. and Martin, L. and Marx, J. and Matis, H. S. and Matulenko, Yu. A. and McShane, T. S. and Meissner, F. and Melnick, Yu. and Meschanin, A. and Messer, M. and Miller, M. L. and Milosevich, Z. and Minaev, N. G. and Mitchell, J. and Moiseenko, V. A. and Moore, C. F. and Morozov, V. and de Moura, M. M. and Munhoz, M. G. and Nelson, J. M. and Nevski, P. and Nikitin, V. A. and Nogach, L. V. and Norman, B. and Nurushev, S. B. and Nystrand, J. and Odyniec, G. and Ogawa, A. and Okorokov, V. and Oldenburg, M. and Olson, D. and Paic, G. and Pandey, S. U. and Panebratsev, Y. and Panitkin, S. Y. and Pavlinov, A. I. and Pawlak, T. and Perevoztchikov, V. and Peryt, W. and Petrov, V. A. and Planinic, M. and Pluta, J. and Porile, N. and Porter, J. and Poskanzer, A. M. and Potrebenikova, E. and Prindle, D. and Pruneau, C. and Putschke, J. and Rai, G. and Rakness, G. and Ravel, O. and Ray, R. L. and Razin, S. V. and Reichhold, D. and Reid, J. G. and Retiere, F. and Ridiger, A. and Ritter, H. G. and Roberts, J. B. and Rogachevski, O. V. and Romero, J. L. and Roy, C. and Rykov, V. and Sakrejda, I. and Salur, S. and Sandweiss, J. and Saulys, A. C. and Savin, I. and Schambach, J. and Scharenberg, R. P. and Schmitz, N. and Schroeder, L. S. and Sch\"uttauf, A. and Schweda, K. and Seger, J. and Seliverstov, D. and Seyboth, P. and Shahaliev, E. and Shestermanov, K. E. and Shimanskii, S. S. and Shvetcov, V. S. and Skoro, G. and Smirnov, N. and Snellings, R. and Sorensen, P. and Sowinski, J. and Spinka, H. M. and Srivastava, B. and Stephenson, E. J. and Stock, R. and Stolpovsky, A. and Strikhanov, M. and Stringfellow, B. and Struck, C. and Suaide, A. A. P. and Sugarbaker, E. and Suire, C. and \ifmmode \check{S}\else \v{S}\fi{}umbera, M. and Surrow, B. and Symons, T. J. M. and de Toledo, A. Szanto and Szarwas, P. and Tai, A. and Takahashi, J. and Tang, A. H. and Thomas, J. H. and Thompson, M. and Tikhomirov, V. and Tokarev, M. and Tonjes, M. B. and Trainor, T. A. and Trentalange, S. and Tribble, R. E. and Trofimov, V. and Tsai, O. and Ullrich, T. and Underwood, D. G. and Van Buren, G. and VanderMolen, A. M. and Vasilevski, I. M. and Vasiliev, A. N. and Vigdor, S. E. and Voloshin, S. A. and Wang, F. and Ward, H. and Watson, J. W. and Wells, R. and Westfall, G. D. and Whitten,, C. and Wieman, H. and Willson, R. and Wissink, S. W. and Witt, R. and Wood, J. and Xu, N. and Xu, Z. and Yakutin, A. E. and Yamamoto, E. and Yang, J. and Yepes, P. and Yurevich, V. I. and Zanevski, Y. V. and Zborovsk\'y, I. and Zhang, H. and Zhang, W. M. and Zoulkarneev, R. and Zubarev, A. N.},
  collaboration = {STAR Collaboration},
  journal = {Phys. Rev. Lett.},
  volume = {89},
  issue = {27},
  pages = {272302},
  numpages = {6},
  year = {2002},
  month = {Dec},
  publisher = {American Physical Society},
  doi = {10.1103/PhysRevLett.89.272302},
  url = {http://link.aps.org/doi/10.1103/PhysRevLett.89.272302}
}

@article{starUPCrho62,
  title = {$\rho${}0},
  author = {Agakishiev, G. and Aggarwal, M. M. and Ahammed, Z. and Alakhverdyants, A. V. and Alekseev, I. and Alford, J. and Anderson, B. D. and Anson, C. D. and Arkhipkin, D. and Averichev, G. S. and Balewski, J. and Beavis, D. R. and Behera, N. K. and Bellwied, R. and Betancourt, M. J. and Betts, R. R. and Bhasin, A. and Bhati, A. K. and Bichsel, H. and Bielcik, J. and Bielcikova, J. and Bland, L. C. and Bordyuzhin, I. G. and Borowski, W. and Bouchet, J. and Braidot, E. and Brandin, A. V. and Bridgeman, A. and Brovko, S. G. and Bruna, E. and Bueltmann, S. and Bunzarov, I. and Burton, T. P. and Cai, X. Z. and Caines, H. and Calder\'on de la Barca S\'anchez, M. and Cebra, D. and Cendejas, R. and Cervantes, M. C. and Chaloupka, P. and Chattopadhyay, S. and Chen, H. F. and Chen, J. H. and Chen, J. Y. and Chen, L. and Cheng, J. and Cherney, M. and Chikanian, A. and Choi, K. E. and Christie, W. and Chung, P. and Codrington, M. J. M. and Corliss, R. and Cramer, J. G. and Crawford, H. J. and Davila Leyva, A. and De Silva, L. C. and Debbe, R. R. and Dedovich, T. G. and Deng, J. and Derevschikov, A. A. and Derradi de Souza, R. and Didenko, L. and Djawotho, P. and Dogra, S. M. and Dong, X. and Drachenberg, J. L. and Draper, J. E. and Du, C. M. and Dunlop, J. C. and Efimov, L. G. and Elnimr, M. and Engelage, J. and Eppley, G. and Estienne, M. and Eun, L. and Evdokimov, O. and Fatemi, R. and Fedorisin, J. and Fersch, R. G. and Filip, P. and Finch, E. and Fine, V. and Fisyak, Y. and Gagliardi, C. A. and Geurts, F. and Ghosh, P. and Gorbunov, Y. N. and Gordon, A. and Grebenyuk, O. G. and Grosnick, D. and Gupta, A. and Gupta, S. and Guryn, W. and Haag, B. and Hajkova, O. and Hamed, A. and Han, L-X. and Harris, J. W. and Hays-Wehle, J. P. and Heinz, M. and Heppelmann, S. and Hirsch, A. and Hjort, E. and Hoffmann, G. W. and Hofman, D. J. and Huang, B. and Huang, H. Z. and Humanic, T. J. and Huo, L. and Igo, G. and Jacobs, P. and Jacobs, W. W. and Jena, C. and Jin, F. and Joseph, J. and Judd, E. G. and Kabana, S. and Kang, K. and Kapitan, J. and Kauder, K. and Ke, H. W. and Keane, D. and Kechechyan, A. and Kettler, D. and Kikola, D. P. and Kiryluk, J. and Kisiel, A. and Kizka, V. and Klein, S. R. and Knospe, A. G. and Koetke, D. D. and Kollegger, T. and Konzer, J. and Koralt, I. and Koroleva, L. and Korsch, W. and Kotchenda, L. and Kouchpil, V. and Kravtsov, P. and Krueger, K. and Krus, M. and Kumar, L. and Lamont, M. A. C. and Landgraf, J. M. and LaPointe, S. and Lauret, J. and Lebedev, A. and Lednicky, R. and Lee, J. H. and Leight, W. and LeVine, M. J. and Li, C. and Li, L. and Li, N. and Li, W. and Li, X. and Li, X. and Li, Y. and Li, Z. M. and Lima, L. M. and Lisa, M. A. and Liu, F. and Liu, H. and Liu, J. and Ljubicic, T. and Llope, W. J. and Longacre, R. S. and Lu, Y. and Lukashov, E. V. and Luo, X. and Ma, G. L. and Ma, Y. G. and Mahapatra, D. P. and Majka, R. and Mall, O. I. and Manweiler, R. and Margetis, S. and Markert, C. and Masui, H. and Matis, H. S. and McDonald, D. and McShane, T. S. and Meschanin, A. and Milner, R. and Minaev, N. G. and Mioduszewski, S. and Mitrovski, M. K. and Mohammed, Y. and Mohanty, B. and Mondal, M. M. and Morozov, B. and Morozov, D. A. and Munhoz, M. G. and Mustafa, M. K. and Naglis, M. and Nandi, B. K. and Nayak, T. K. and Nogach, L. V. and Nurushev, S. B. and Odyniec, G. and Ogawa, A. and Oh, K. and Ohlson, A. and Okorokov, V. and Oldag, E. W. and Oliveira, R. A. N. and Olson, D. and Pachr, M. and Page, B. S. and Pal, S. K. and Pandit, Y. and Panebratsev, Y. and Pawlak, T. and Pei, H. and Peitzmann, T. and Perkins, C. and Peryt, W. and Pile, P. and Planinic, M. and Ploskon, M. A. and Pluta, J. and Plyku, D. and Poljak, N. and Porter, J. and Poskanzer, A. M. and Potukuchi, B. V. K. S. and Powell, C. B. and Prindle, D. and Pruneau, C. and Pruthi, N. K. and Pujahari, P. R. and Putschke, J. and Qiu, H. and Raniwala, R. and Raniwala, S. and Ray, R. L. and Redwine, R. and Reed, R. and Ritter, H. G. and Roberts, J. B. and Rogachevskiy, O. V. and Romero, J. L. and Ruan, L. and Rusnak, J. and Sahoo, N. R. and Sakrejda, I. and Salur, S. and Sandweiss, J. and Sangaline, E. and Sarkar, A. and Schambach, J. and Scharenberg, R. P. and Schaub, J. and Schmah, A. M. and Schmitz, N. and Schuster, T. R. and Seele, J. and Seger, J. and Selyuzhenkov, I. and Seyboth, P. and Shah, N. and Shahaliev, E. and Shao, M. and Sharma, M. and Shi, S. S. and Shou, Q. Y. and Sichtermann, E. P. and Simon, F. and Singaraju, R. N. and Skoby, M. J. and Smirnov, N. and Solanki, D. and Sorensen, P. and deSouza, U. G. and Spinka, H. M. and Srivastava, B. and Stanislaus, T. D. S. and Steadman, S. G. and Stevens, J. R. and Stock, R. and Strikhanov, M. and Stringfellow, B. and Suaide, A. A. P. and Suarez, M. C. and Subba, N. L. and Sumbera, M. and Sun, X. M. and Sun, Y. and Sun, Z. and Surrow, B. and Svirida, D. N. and Symons, T. J. M. and Szanto de Toledo, A. and Takahashi, J. and Tang, A. H. and Tang, Z. and Tarini, L. H. and Tarnowsky, T. and Thein, D. and Thomas, J. H. and Tian, J. and Timmins, A. R. and Tlusty, D. and Tokarev, M. and Trainor, T. A. and Trentalange, S. and Tribble, R. E. and Tribedy, P. and Trzeciak, B. A. and Tsai, O. D. and Ullrich, T. and Underwood, D. G. and Van Buren, G. and van Nieuwenhuizen, G. and Vanfossen, J. A. and Varma, R. and Vasconcelos, G. M. S. and Vasiliev, A. N. and Videb\ae{}k, F. and Viyogi, Y. P. and Vokal, S. and Voloshin, S. A. and Wada, M. and Walker, M. and Wang, F. and Wang, G. and Wang, H. and Wang, J. S. and Wang, Q. and Wang, X. L. and Wang, Y. and Webb, G. and Webb, J. C. and Westfall, G. D. and Whitten, C. and Wieman, H. and Wissink, S. W. and Witt, R. and Witzke, W. and Wu, Y. F. and Xiao, Z. and Xie, W. and Xu, H. and Xu, N. and Xu, Q. H. and Xu, W. and Xu, Y. and Xu, Z. and Xue, L. and Yang, Y. and Yang, Y. and Yepes, P. and Yip, K. and Yoo, I-K. and Zawisza, M. and Zbroszczyk, H. and Zhan, W. and Zhang, J. B. and Zhang, S. and Zhang, W. M. and Zhang, X. P. and Zhang, Y. and Zhang, Z. P. and Zhao, F. and Zhao, J. and Zhong, C. and Zhu, X. and Zhu, Y. H. and Zoulkarneeva, Y.},
  collaboration = {STAR Collaboration},
  journal = {Phys. Rev. C},
  volume = {85},
  issue = {1},
  pages = {014910},
  numpages = {7},
  year = {2012},
  month = {Jan},
  publisher = {American Physical Society},
  doi = {10.1103/PhysRevC.85.014910},
  url = {http://link.aps.org/doi/10.1103/PhysRevC.85.014910}
}

@article{starUPCrhoInterfer,
  title = {Observation of Two-Source Interference in the Photoproduction Reaction AuAu$\rightarrow${}AuAu$\rho${}0},
  author = {Abelev, B. I. and Aggarwal, M. M. and Ahammed, Z. and Anderson, B. D. and Arkhipkin, D. and Averichev, G. S. and Bai, Y. and Balewski, J. and Barannikova, O. and Barnby, L. S. and Baudot, J. and Baumgart, S. and Beavis, D. R. and Bellwied, R. and Benedosso, F. and Betancourt, M. J. and Betts, R. R. and Bhardwaj, S. and Bhasin, A. and Bhati, A. K. and Bichsel, H. and Bielcik, J. and Bielcikova, J. and Biritz, B. and Bland, L. C. and Bombara, M. and Bonner, B. E. and Botje, M. and Bouchet, J. and Braidot, E. and Brandin, A. V. and Bruna, E. and Bueltmann, S. and Burton, T. P. and Bystersky, M. and Cai, X. Z. and Caines, H. and Calder\'on de la Barca S\'anchez, M. and Callner, J. and Catu, O. and Cebra, D. and Cendejas, R. and Cervantes, M. C. and Chajecki, Z. and Chaloupka, P. and Chattopadhyay, S. and Chen, H. F. and Chen, J. H. and Chen, J. Y. and Cheng, J. and Cherney, M. and Chikanian, A. and Choi, K. E. and Christie, W. and Chung, S. U. and Clarke, R. F. and Codrington, M. J. M. and Coffin, J. P. and Corliss, R. and Cormier, T. M. and Cosentino, M. R. and Cramer, J. G. and Crawford, H. J. and Das, D. and Dash, S. and Daugherity, M. and De Silva, C. and Dedovich, T. G. and DePhillips, M. and Derevschikov, A. A. and Derradi de Souza, R. and Didenko, L. and Djawotho, P. and Dogra, S. M. and Dong, X. and Drachenberg, J. L. and Draper, J. E. and Du, F. and Dunlop, J. C. and Dutta Mazumdar, M. R. and Edwards, W. R. and Efimov, L. G. and Elhalhuli, E. and Elnimr, M. and Emelianov, V. and Engelage, J. and Eppley, G. and Erazmus, B. and Estienne, M. and Eun, L. and Fachini, P. and Fatemi, R. and Fedorisin, J. and Feng, A. and Filip, P. and Finch, E. and Fine, V. and Fisyak, Y. and Gagliardi, C. A. and Gaillard, L. and Gangadharan, D. R. and Ganti, M. S. and Garcia-Solis, E. and Ghazikhanian, V. and Ghosh, P. and Gorbunov, Y. N. and Gordon, A. and Grebenyuk, O. and Grosnick, D. and Grube, B. and Guertin, S. M. and Guimaraes, K. S. F. F. and Gupta, A. and Gupta, N. and Guryn, W. and Haag, B. and Hallman, T. J. and Hamed, A. and Harris, J. W. and He, W. and Heinz, M. and Heppelmann, S. and Hippolyte, B. and Hirsch, A. and Hjort, E. and Hoffman, A. M. and Hoffmann, G. W. and Hofman, D. J. and Hollis, R. S. and Huang, H. Z. and Humanic, T. J. and Igo, G. and Iordanova, A. and Jacobs, P. and Jacobs, W. W. and Jakl, P. and Jin, F. and Jones, C. L. and Jones, P. G. and Joseph, J. and Judd, E. G. and Kabana, S. and Kajimoto, K. and Kang, K. and Kapitan, J. and Kaplan, M. and Keane, D. and Kechechyan, A. and Kettler, D. and Khodyrev, V. Yu. and Kikola, D. P. and Kiryluk, J. and Kisiel, A. and Klein, S. R. and Knospe, A. G. and Kocoloski, A. and Koetke, D. D. and Kopytine, M. and Kotchenda, L. and Kouchpil, V. and Kravtsov, P. and Kravtsov, V. I. and Krueger, K. and Krus, M. and Kuhn, C. and Kumar, L. and Kurnadi, P. and Lamont, M. A. C. and Landgraf, J. M. and LaPointe, S. and Lauret, J. and Lebedev, A. and Lednicky, R. and Lee, C-H. and Leight, W. and LeVine, M. J. and Li, C. and Li, N. and Li, Y. and Lin, G. and Lindenbaum, S. J. and Lisa, M. A. and Liu, F. and Liu, H. and Liu, J. and Liu, L. and Ljubicic, T. and Llope, W. J. and Longacre, R. S. and Love, W. A. and Lu, Y. and Ludlam, T. and Lynn, D. and Ma, G. L. and Ma, Y. G. and Mahapatra, D. P. and Majka, R. and Mall, O. I. and Mangotra, L. K. and Manweiler, R. and Margetis, S. and Markert, C. and Matis, H. S. and Matulenko, Yu. A. and McShane, T. S. and Meschanin, A. and Milner, R. and Minaev, N. G. and Mioduszewski, S. and Mischke, A. and Mitchell, J. and Mohanty, B. and Morozov, D. A. and Munhoz, M. G. and Nandi, B. K. and Nattrass, C. and Nayak, T. K. and Nelson, J. M. and Nepali, C. and Netrakanti, P. K. and Ng, M. J. and Nogach, L. V. and Nurushev, S. B. and Odyniec, G. and Ogawa, A. and Okada, H. and Okorokov, V. and Olson, D. and Pachr, M. and Page, B. S. and Pal, S. K. and Pandit, Y. and Panebratsev, Y. and Pawlak, T. and Peitzmann, T. and Perevoztchikov, V. and Perkins, C. and Peryt, W. and Phatak, S. C. and Planinic, M. and Pluta, J. and Poljak, N. and Poskanzer, A. M. and Potukuchi, B. V. K. S. and Prindle, D. and Pruneau, C. and Pruthi, N. K. and Putschke, J. and Raniwala, R. and Raniwala, S. and Ray, R. L. and Redwine, R. and Reed, R. and Ridiger, A. and Ritter, H. G. and Roberts, J. B. and Rogachevskiy, O. V. and Romero, J. L. and Rose, A. and Roy, C. and Ruan, L. and Russcher, M. J. and Rykov, V. and Sahoo, R. and Sakrejda, I. and Sakuma, T. and Salur, S. and Sandweiss, J. and Sarsour, M. and Schambach, J. and Scharenberg, R. P. and Schmitz, N. and Seger, J. and Selyuzhenkov, I. and Seyboth, P. and Shabetai, A. and Shahaliev, E. and Shao, M. and Sharma, M. and Shi, S. S. and Shi, X-H. and Sichtermann, E. P. and Simon, F. and Singaraju, R. N. and Skoby, M. J. and Smirnov, N. and Snellings, R. and Sorensen, P. and Sowinski, J. and Spinka, H. M. and Srivastava, B. and Stadnik, A. and Stanislaus, T. D. S. and Staszak, D. and Strikhanov, M. and Stringfellow, B. and Suaide, A. A. P. and Suarez, M. C. and Subba, N. L. and Sumbera, M. and Sun, X. M. and Sun, Y. and Sun, Z. and Surrow, B. and Symons, T. J. M. and Szanto de Toledo, A. and Takahashi, J. and Tang, A. H. and Tang, Z. and Tarnowsky, T. and Thein, D. and Thomas, J. H. and Tian, J. and Timmins, A. R. and Timoshenko, S. and Tlusty, D. and Tokarev, M. and Trainor, T. A. and Tram, V. N. and Trattner, A. L. and Trentalange, S. and Tribble, R. E. and Tsai, O. D. and Ulery, J. and Ullrich, T. and Underwood, D. G. and Van Buren, G. and van Leeuwen, M. and Vander Molen, A. M. and Vanfossen, J. A. and Varma, R. and Vasconcelos, G. M. S. and Vasilevski, I. M. and Vasiliev, A. N. and Videbaek, F. and Vigdor, S. E. and Viyogi, Y. P. and Vokal, S. and Voloshin, S. A. and Wada, M. and Waggoner, W. T. and Walker, M. and Wang, F. and Wang, G. and Wang, J. S. and Wang, Q. and Wang, X. and Wang, X. L. and Wang, Y. and Webb, J. C. and Westfall, G. D. and Whitten, C. and Wieman, H. and Wissink, S. W. and Witt, R. and Wu, Y. and Xie, W. and Xu, N. and Xu, Q. H. and Xu, Y. and Xu, Z. and Yepes, P. and Yoo, I-K. and Yue, Q. and Zawisza, M. and Zbroszczyk, H. and Zhan, W. and Zhang, H. and Zhang, S. and Zhang, W. M. and Zhang, Y. and Zhang, Z. P. and Zhao, Y. and Zhong, C. and Zhou, J. and Zoulkarneev, R. and Zoulkarneeva, Y. and Zuo, J. X.},
  collaboration = {STAR Collaboration},
  journal = {Phys. Rev. Lett.},
  volume = {102},
  issue = {11},
  pages = {112301},
  numpages = {7},
  year = {2009},
  month = {Mar},
  publisher = {American Physical Society},
  doi = {10.1103/PhysRevLett.102.112301},
  url = {http://link.aps.org/doi/10.1103/PhysRevLett.102.112301}
}

@article{
  year={2012},
  journal={Journal of High Energy Physics},
  eid={52},
  volume={2012},
  number={1},
  doi={10.1007/JHEP01(2012)052},
  title={Exclusive $\gamma\gamma \rightarrow \mu+\mu−$ production in proton-proton collisions at  $\sqrt{s}$ = {7}  TeV},
  url={http://dx.doi.org/10.1007/JHEP01%282012%29052},
  publisher={Springer-Verlag},
  keywords={Hadron-Hadron Scattering},
  language={English}
}

@article{
    year={2013},
    journal={Journal of High Energy Physics},
    eid={116},
    volume={2013},
    number={7},
    doi={10.1007/JHEP07(2013)116},
    title={Study of exclusive two-photon production of W+W− in pp collisions at  \sqrt{s}=7  TeV and constraints on anomalous quartic gauge couplings},
    url={http://dx.doi.org/10.1007/JHEP07%282013%29116},
    publisher={Springer Berlin Heidelberg},
    keywords={Hadron-Hadron Scattering},
    author={Chatrchyan, S. and Khachatryan, V. and Sirunyan, A.M. and Tumasyan, A. and Adam, W. and Bergauer, T. and Dragicevic, M. and Er\"{o}, J. and Fabjan, C. and Friedl, M. and Fr\"{u}hwirth, R. and Ghete, V.M. and Hammer, J. and H\"{a}nsel, S. and Hoch, M. and H\"{o}rmann, N. and Hrubec, J. and Jeitler, M. and Kiesenhofer, W. and Krammer, M. and Liko, D. and Mikulec, I. and Pernicka, M. and Rahbaran, B. and Rohringer, H. and Sch\"{o}fbeck, R. and Strauss, J. and Taurok, A. and Teischinger, F. and Trauner, C. and Wagner, P. and Waltenberger, W. and Walzel, G. and Widl, E. and Wulz, C.-E. and Mossolov, V. and Shumeiko, N. and Suarez Gonzalez, J. and Bansal, S. and Benucci, L. and De Wolf, E.A. and Janssen, X. and Luyckx, S. and Maes, T. and Mucibello, L. and Ochesanu, S. and Roland, B. and Rougny, R. and Selvaggi, M. and Van Haevermaet, H. and Van Mechelen, P. and Van Remortel, N. and Blekman, F. and Blyweert, S. and D’Hondt, J. and Gonzalez Suarez, R. and Kalogeropoulos, A. and Maes, M. and Olbrechts, A. and Van Doninck, W. and Van Mulders, P. and Van Onsem, G.P. and Villella, I. and Charaf, O. and Clerbaux, B. and De Lentdecker, G. and Dero, V. and Gay, A.P.R. and Hammad, G.H. and Hreus, T. and L\'{e}onard, A. and Marage, P.E. and Thomas, L. and Vander Velde, C. and Vanlaer, P. and Wickens, J. and Adler, V. and Beernaert, K. and Cimmino, A. and Costantini, S. and Grunewald, M. and Klein, B. and Lellouch, J. and Marinov, A. and Mccartin, J. and Ryckbosch, D. and Strobbe, N. and Thyssen, F. and Tytgat, M. and Vanelderen, L. and Verwilligen, P. and Walsh, S. and Zaganidis, N. and Basegmez, S. and Bruno, G. and Caudron, J. and Ceard, L. and Gil, E.Cortina and De Favereau De Jeneret, J. and Delaere, C. and Favart, D. and Forthomme, L. and Giammanco, A. and Gr\'{e}goire, G. and Hollar, J. and Lemaitre, V. and Liao, J. and Militaru, O. and Nuttens, C. and Ovyn, S. and Pagano, D. and Pin, A. and Piotrzkowski, K. and Schul, N. and Beliy, N. and Caebergs, T. and Daubie, E. and Alves, G.A. and De Jesus Damiao, D. and Pol, M.E. and Souza, M.H.G. and Aldá Júnior, W.L. and Carvalho, W. and Custódio, A. and Da Costa, E.M. and De Oliveira Martins, C. and Fonseca De Souza, S. and Figueiredo, D.Matos and Mundim, L. and Nogima, H. and Oguri, V. and Prado Da Silva, W.L. and Santoro, A. and Silva Do Amaral, S.M. and Sznajder, A. and Anjos, T.S. and Bernardes, C.A. and Dias, F.A. and Fernandez Perez Tomei, T.R. and Gregores, E.M. and Lagana, C. and Marinho, F. and Mercadante, P.G. and Novaes, S.F. and Padula, SandraS. and Darmenov, N. and Genchev, V. and Iaydjiev, P. and Piperov, S. and Rodozov, M. and Stoykova, S. and Sultanov, G. and Tcholakov, V. and Trayanov, R. and Vutova, M. and Dimitrov, A. and Hadjiiska, R. and Karadzhinova, A. and Kozhuharov, V. and Litov, L. and Mateev, M. and Pavlov, B. and Petkov, P. and Bian, J.G. and Chen, G.M. and Chen, H.S. and Jiang, C.H. and Liang, D. and Liang, S. and Meng, X. and Tao, J. and Wang, J. and Wang, J. and Wang, X. and Wang, Z. and Xiao, H. and Xu, M. and Zang, J. and Zhang, Z. and Ban, Y. and Guo, S. and Guo, Y. and Li, W. and Mao, Y. and Qian, S.J. and Teng, H. and Zhu, B. and Zou, W. and Cabrera, A. and Moreno, B.Gomez and Rios, A.A.Ocampo and Oliveros, A.F.Osorio and Sanabria, J.C. and Godinovic, N. and Lelas, D. and Plestina, R. and Polic, D. and Puljak, I. and Antunovic, Z. and Dzelalija, M. and Kovac, M. and Brigljevic, V. and Duric, S. and Kadija, K. and Luetic, J. and Morovic, S. and Attikis, A. and Galanti, M. and Mousa, J. and Nicolaou, C. and Ptochos, F. and Razis, P.A. and Finger, M. and Finger, M., Jr. and Assran, Y. and Kamel, A.Ellithi and Khalil, S. and Mahmoud, M.A. and Radi, A. and Hektor, A. and Kadastik, M. and M\"{u}ntel, M. and Raidal, M. and Rebane, L. and Tiko, A. and Azzolini, V. and Eerola, P. and Fedi, G. and Voutilainen, M. and Czellar, S. and H\"{a}rk\"{o}nen, J. and Heikkinen, A. and Karim\"{a}ki, V. and Kinnunen, R. and Kortelainen, M.J. and Lamp\'{e}n, T. and Lassila-Perini, K. and Lehti, S. and Lind\'{e}n, T. and Luukka, P. and M\"{a}enp\"{a}\"{a}, T. and Tuominen, E. and Tuominiemi, J. and Tuovinen, E. and Ungaro, D. and Wendland, L. and Banzuzi, K. and Karjalainen, A. and Korpela, A. and Tuuva, T. and Sillou, D. and Besancon, M. and Choudhury, S. and Dejardin, M. and Denegri, D. and Fabbro, B. and Faure, J.L. and Ferri, F. and Ganjour, S. and Givernaud, A. and Gras, P. and Hamel de Monchenault, G. and Jarry, P. and Locci, E. and Malcles, J. and Marionneau, M. and Millischer, L. and Rander, J. and Rosowsky, A. and Shreyber, I. and Titov, M. and Baffioni, S. and Beaudette, F. and Benhabib, L. and Bianchini, L. and Bluj, M. and Broutin, C. and Busson, P. and Charlot, C. and Dahms, T. and Dobrzynski, L. and Elgammal, S. and Granier de Cassagnac, R. and Haguenauer, M. and Min\'{e}, P. and Mironov, C. and Ochando, C. and Paganini, P. and Sabes, D. and Salerno, R. and Sirois, Y. and Thiebaux, C. and Veelken, C. and Zabi, A. and Agram, J.-L. and Andrea, J. and Bloch, D. and Bodin, D. and Brom, J.-M. and Cardaci, M. and Chabert, E.C. and Collard, C. and Conte, E. and Drouhin, F. and Ferro, C. and Fontaine, J.-C. and Gel\'{e}, D. and Goerlach, U. and Greder, S. and Juillot, P. and Karim, M. and Le Bihan, A.-C. and Van Hove, P. and Fassi, F. and Mercier, D. and Baty, C. and Beauceron, S. and Beaupere, N. and Bedjidian, M. and Bondu, O. and Boudoul, G. and Boumediene, D. and Brun, H. and Chasserat, J. and Chierici, R. and Contardo, D. and Depasse, P. and El Mamouni, H. and Falkiewicz, A. and Fay, J. and Gascon, S. and Ille, B. and Kurca, T. and Le Grand, T. and Lethuillier, M. and Mirabito, L. and Perries, S. and Sordini, V. and Tosi, S. and Tschudi, Y. and Verdier, P. and Viret, S. and Lomidze, D. and Anagnostou, G. and Beranek, S. and Edelhoff, M. and Feld, L. and Heracleous, N. and Hindrichs, O. and Jussen, R. and Klein, K. and Merz, J. and Ostapchuk, A. and Perieanu, A. and Raupach, F. and Sammet, J. and Schael, S. and Sprenger, D. and Weber, H. and Weber, M. and Wittmer, B. and Zhukov, V. and Ata, M. and Dietz-Laursonn, E. and Erdmann, M. and Hebbeker, T. and Heidemann, C. and Hinzmann, A. and Hoepfner, K. and Klimkovich, T. and Klingebiel, D. and Kreuzer, P. and Lanske, D. and Lingemann, J. and Magass, C. and Merschmeyer, M. and Meyer, A. and Papacz, P. and Pieta, H. and Reithler, H. and Schmitz, S.A. and Sonnenschein, L. and Steggemann, J. and Teyssier, D. and Bontenackels, M. and Cherepanov, V. and Davids, M. and Fl\"{u}gge, G. and Geenen, H. and Giffels, M. and Ahmad, W.Haj and Hoehle, F. and Kargoll, B. and Kress, T. and Kuessel, Y. and Linn, A. and Nowack, A. and Perchalla, L. and Pooth, O. and Rennefeld, J. and Sauerland, P. and Stahl, A. and Tornier, D. and Zoeller, M.H. and Martin, M.Aldaya and Behrenhoff, W. and Behrens, U. and Bergholz, M. and Bethani, A. and Borras, K. and Cakir, A. and Campbell, A. and Castro, E. and Dammann, D. and Eckerlin, G. and Eckstein, D. and Flossdorf, A. and Flucke, G. and Geiser, A. and Hauk, J. and Jung, H. and Kasemann, M. and Katsas, P. and Kleinwort, C. and Kluge, H. and Knutsson, A. and Kr\"{a}mer, M. and Kr\"{u}cker, D. and Kuznetsova, E. and Lange, W. and Lohmann, W. and Lutz, B. and Mankel, R. and Marfin, I. and Marienfeld, M. and Melzer-Pellmann, I.-A. and Meyer, A.B. and Mnich, J. and Mussgiller, A. and Naumann-Emme, S. and Olzem, J. and Petrukhin, A. and Pitzl, D. and Raspereza, A. and Rosin, M. and Schmidt, R. and Schoerner-Sadenius, T. and Sen, N. and Spiridonov, A. and Stein, M. and Tomaszewska, J. and Walsh, R. and Wissing, C. and Autermann, C. and Blobel, V. and Bobrovskyi, S. and Draeger, J. and Enderle, H. and Gebbert, U. and G\"{o}rner, M. and Hermanns, T. and Kaschube, K. and Kaussen, G. and Kirschenmann, H. and Klanner, R. and Lange, J. and Mura, B. and Nowak, F. and Pietsch, N. and Sander, C. and Schettler, H. and Schleper, P. and Schlieckau, E. and Schr\"{o}der, M. and Schum, T. and Stadie, H. and Steinbr\"{u}ck, G. and Thomsen, J. and Barth, C. and Bauer, J. and Berger, J. and Buege, V. and Chwalek, T. and De Boer, W. and Dierlamm, A. and Dirkes, G. and Feindt, M. and Gruschke, J. and Guthoff, M. and Hackstein, C. and Hartmann, F. and Heinrich, M. and Held, H. and Hoffmann, K.H. and Honc, S. and Katkov, I. and Komaragiri, J.R. and Kuhr, T. and Martschei, D. and Mueller, S. and M\"{u}ller, Th. and Niegel, M. and Oberst, O. and Oehler, A. and Ott, J. and Peiffer, T. and Quast, G. and Rabbertz, K. and Ratnikov, F. and Ratnikova, N. and Renz, M. and R\"{o}cker, S. and Saout, C. and Scheurer, A. and Schieferdecker, P. and Schilling, F.-P. and Schmanau, M. and Schott, G. and Simonis, H.J. and Stober, F.M. and Troendle, D. and Wagner-Kuhr, J. and Weiler, T. and Zeise, M. and Ziebarth, E.B. and Daskalakis, G. and Geralis, T. and Kesisoglou, S. and Kyriakis, A. and Loukas, D. and Manolakos, I. and Markou, A. and Markou, C. and Mavrommatis, C. and Ntomari, E. and Petrakou, E. and Gouskos, L. and Mertzimekis, T.J. and Panagiotou, A. and Saoulidou, N. and Stiliaris, E. and Evangelou, I. and Foudas, C. and Kokkas, P. and Manthos, N. and Papadopoulos, I. and Patras, V. and Triantis, F.A. and Aranyi, A. and Bencze, G. and Boldizsar, L. and Hajdu, C. and Hidas, P. and Horvath, D. and Kapusi, A. and Krajczar, K. and Sikler, F. and Veres, G.I. and Vesztergombi, G. and Beni, N. and Molnar, J. and Palinkas, J. and Szillasi, Z. and Veszpremi, V. and Karancsi, J. and Raics, P. and Trocsanyi, Z.L. and Ujvari, B. and Beri, S.B. and Bhatnagar, V. and Dhingra, N. and Gupta, R. and Jindal, M. and Kaur, M. and Kohli, J.M. and Mehta, M.Z. and Nishu, N. and Saini, L.K. and Sharma, A. and Singh, A.P. and Singh, J. and Singh, S.P. and Ahuja, S. and Choudhary, B.C. and Gupta, P. and Kumar, A. and Kumar, A. and Malhotra, S. and Naimuddin, M. and Ranjan, K. and Shivpuri, R.K. and Banerjee, S. and Bhattacharya, S. and Dutta, S. and Gomber, B. and Jain, S. and Jain, S. and Khurana, R. and Sarkar, S. and Choudhury, R.K. and Dutta, D. and Kailas, S. and Kumar, V. and Mohanty, A.K. and Pant, L.M. and Shukla, P. and Aziz, T. and Guchait, M. and Gurtu, A. and Maity, M. and Majumder, D. and Majumder, G. and Mazumdar, K. and Mohanty, G.B. and Parida, B. and Saha, A. and Sudhakar, K. and Wickramage, N. and Banerjee, S. and Dugad, S. and Mondal, N.K. and Arfaei, H. and Bakhshiansohi, H. and Etesami, S.M. and Fahim, A. and Hashemi, M. and Hesari, H. and Jafari, A. and Khakzad, M. and Mohammadi, A. and Najafabadi, M.Mohammadi and Mehdiabadi, S.Paktinat and Safarzadeh, B. and Zeinali, M. and Abbrescia, M. and Barbone, L. and Calabria, C. and Colaleo, A. and Creanza, D. and De Filippis, N. and De Palma, M. and Fiore, L. and Iaselli, G. and Lusito, L. and Maggi, G. and Maggi, M. and Manna, N. and Marangelli, B. and My, S. and Nuzzo, S. and Pacifico, N. and Pompili, A. and Pugliese, G. and Romano, F. and Selvaggi, G. and Silvestris, L. and Tupputi, S. and Zito, G. and Abbiendi, G. and Benvenuti, A.C. and Bonacorsi, D. and Braibant-Giacomelli, S. and Brigliadori, L. and Capiluppi, P. and Castro, A. and Cavallo, F.R. and Cuffiani, M. and Dallavalle, G.M. and Fabbri, F. and Fanfani, A. and Fasanella, D. and Giacomelli, P. and Giunta, M. and Grandi, C. and Marcellini, S. and Masetti, G. and Meneghelli, M. and Montanari, A. and Navarria, F.L. and Odorici, F. and Perrotta, A. and Primavera, F. and Rossi, A.M. and Rovelli, T. and Siroli, G. and Travaglini, R. and Albergo, S. and Cappello, G. and Chiorboli, M. and Costa, S. and Potenza, R. and Tricomi, A. and Tuve, C. and Barbagli, G. and Ciulli, V. and Civinini, C. and D’Alessandro, R. and Focardi, E. and Frosali, S. and Gallo, E. and Gonzi, S. and Meschini, M. and Paoletti, S. and Sguazzoni, G. and Tropiano, A. and Benussi, L. and Bianco, S. and Colafranceschi, S. and Fabbri, F. and Piccolo, D. and Fabbricatore, P. and Musenich, R. and Benaglia, A. and De Guio, F. and Di Matteo, L. and Gennai, S. and Ghezzi, A. and Malvezzi, S. and Martelli, A. and Massironi, A. and Menasce, D. and Moroni, L. and Paganoni, M. and Pedrini, D. and Ragazzi, S. and Redaelli, N. and Sala, S. and Tabarelli de Fatis, T. and Buontempo, S. and Montoya, C.A.Carrillo and Cavallo, N. and De Cosa, A. and Dogangun, O. and Fabozzi, F. and Iorio, A.O.M. and Lista, L. and Merola, M. and Paolucci, P. and Azzi, P. and Bacchetta, N. and Bellan, P. and Bisello, D. and Branca, A. and Carlin, R. and Checchia, P. and Dorigo, T. and Dosselli, U. and Fanzago, F. and Gasparini, F. and Gasparini, U. and Gozzelino, A. and Lacaprara, S. and Lazzizzera, I. and Margoni, M. and Mazzucato, M. and Meneguzzo, A.T. and Nespolo, M. and Perrozzi, L. and Pozzobon, N. and Ronchese, P. and Simonetto, F. and Torassa, E. and Tosi, M. and Vanini, S. and Zotto, P. and Zumerle, G. and Baesso, P. and Berzano, U. and Ratti, S.P. and Riccardi, C. and Torre, P. and Vitulo, P. and Viviani, C. and Biasini, M. and Bilei, G.M. and Caponeri, B. and Fanò, L. and Lariccia, P. and Lucaroni, A. and Mantovani, G. and Menichelli, M. and Nappi, A. and Romeo, F. and Santocchia, A. and Taroni, S. and Valdata, M. and Azzurri, P. and Bagliesi, G. and Bernardini, J. and Boccali, T. and Broccolo, G. and Castaldi, R. and D’Agnolo, R.T. and Dell’Orso, R. and Fiori, F. and Foà, L. and Giassi, A. and Kraan, A. and Ligabue, F. and Lomtadze, T. and Martini, L. and Messineo, A. and Palla, F. and Palmonari, F. and Rizzi, A. and Segneri, G. and Serban, A.T. and Spagnolo, P. and Tenchini, R. and Tonelli, G. and Venturi, A. and Verdini, P.G. and Barone, L. and Cavallari, F. and Del Re, D. and Diemoz, M. and Franci, D. and Grassi, M. and Longo, E. and Meridiani, P. and Nourbakhsh, S. and Organtini, G. and Pandolfi, F. and Paramatti, R. and Rahatlou, S. and Sigamani, M. and Amapane, N. and Arcidiacono, R. and Argiro, S. and Arneodo, M. and Biino, C. and Botta, C. and Cartiglia, N. and Castello, R. and Costa, M. and Demaria, N. and Graziano, A. and Mariotti, C. and Maselli, S. and Migliore, E. and Monaco, V. and Musich, M. and Obertino, M.M. and Pastrone, N. and Pelliccioni, M. and Potenza, A. and Romero, A. and Ruspa, M. and Sacchi, R. and Sola, V. and Solano, A. and Staiano, A. and Pereira, A.Vilela and Belforte, S. and Cossutti, F. and Ricca, G.Della and Gobbo, B. and Marone, M. and Montanino, D. and Penzo, A. and Heo, S.G. and Nam, S.K. and Chang, S. and Chung, J. and Kim, D.H. and Kim, G.N. and Kim, J.E. and Kong, D.J. and Park, H. and Ro, S.R. and Son, D.C. and Son, T. and Kim, J.Y. and Kim, ZeroJ. and Song, S. and Jo, H.Y. and Choi, S. and Gyun, D. and Hong, B. and Jo, M. and Kim, H. and Kim, T.J. and Lee, K.S. and Moon, D.H. and Park, S.K. and Seo, E. and Sim, K.S. and Choi, M. and Kang, S. and Kim, H. and Kim, J.H. and Park, C. and Park, I.C. and Park, S. and Ryu, G. and Cho, Y. and Choi, Y. and Choi, Y.K. and Goh, J. and Kim, M.S. and Lee, B. and Lee, J. and Lee, S. and Seo, H. and Yu, I. and Bilinskas, M.J. and Grigelionis, I. and Janulis, M. and Martisiute, D. and Petrov, P. and Polujanskas, M. and Sabonis, T. and Castilla-Valdez, H. and De La Cruz-Burelo, E. and Heredia-de La Cruz, I. and Lopez-Fernandez, R. and Villalba, R.Magaña and Martínez-Ortega, J. and Sánchez-Hernández, A. and Villasenor-Cendejas, L.M. and Moreno, S.Carrillo and Valencia, F.Vazquez and Ibarguen, H.A.Salazar and Linares, E.Casimiro and Pineda, A.Morelos and Reyes-Santos, M.A. and Krofcheck, D. and Tam, J. and Bell, A.J. and Butler, P.H. and Doesburg, R. and Silverwood, H. and Ahmad, M. and Asghar, M.I. and Hoorani, H.R. and Khalid, S. and Khan, W.A. and Khurshid, T. and Qazi, S. and Shah, M.A. and Shoaib, M. and Brona, G. and Cwiok, M. and Dominik, W. and Doroba, K. and Kalinowski, A. and Konecki, M. and Krolikowski, J. and Frueboes, T. and Gokieli, R. and Górski, M. and Kazana, M. and Nawrocki, K. and Romanowska-Rybinska, K. and Szleper, M. and Wrochna, G. and Zalewski, P. and Almeida, N. and Bargassa, P. and David, A. and Faccioli, P. and Parracho, P.G.Ferreira and Gallinaro, M. and Musella, P. and Nayak, A. and Pela, J. and Ribeiro, P.Q. and Seixas, J. and Varela, J. and Afanasiev, S. and Belotelov, I. and Bunin, P. and Gavrilenko, M. and Golutvin, I. and Gorbunov, I. and Kamenev, A. and Karjavin, V. and Kozlov, G. and Lanev, A. and Moisenz, P. and Palichik, V. and Perelygin, V. and Shmatov, S. and Smirnov, V. and Volodko, A. and Zarubin, A. and Evstyukhin, S. and Golovtsov, V. and Ivanov, Y. and Kim, V. and Levchenko, P. and Murzin, V. and Oreshkin, V. and Smirnov, I. and Sulimov, V. and Uvarov, L. and Vavilov, S. and Vorobyev, A. and Vorobyev, An. and Andreev, Yu. and Dermenev, A. and Gninenko, S. and Golubev, N. and Kirsanov, M. and Krasnikov, N. and Matveev, V. and Pashenkov, A. and Toropin, A. and Troitsky, S. and Epshteyn, V. and Erofeeva, M. and Gavrilov, V. and Kaftanov, V. and Kossov, M. and Krokhotin, A. and Lychkovskaya, N. and Popov, V. and Safronov, G. and Semenov, S. and Stolin, V. and Vlasov, E. and Zhokin, A. and Belyaev, A. and Boos, E. and Dubinin, M. and Dudko, L. and Ershov, A. and Gribushin, A. and Kodolova, O. and Lokhtin, I. and Markina, A. and Obraztsov, S. and Perfilov, M. and Petrushanko, S. and Sarycheva, L. and Savrin, V. and Snigirev, A. and Andreev, V. and Azarkin, M. and Dremin, I. and Kirakosyan, M. and Leonidov, A. and Mesyats, G. and Rusakov, S.V. and Vinogradov, A. and Azhgirey, I. and Bayshev, I. and Bitioukov, S. and Grishin, V. and Kachanov, V. and Konstantinov, D. and Korablev, A. and Krychkine, V. and Petrov, V. and Ryutin, R. and Sobol, A. and Tourtchanovitch, L. and Troshin, S. and Tyurin, N. and Uzunian, A. and Volkov, A. and Adzic, P. and Djordjevic, M. and Ekmedzic, M. and Krpic, D. and Milosevic, J. and Aguilar-Benitez, M. and Maestre, J.Alcaraz and Arce, P. and Battilana, C. and Calvo, E. and Cerrada, M. and Llatas, M.Chamizo and Colino, N. and De La Cruz, B. and Peris, A.Delgado and Pardos, C.Diez and Vázquez, D.Domínguez and Bedoya, C.Fernandez and Ramos, J.P.Fernández and Ferrando, A. and Flix, J. and Fouz, M.C. and Garcia-Abia, P. and Lopez, O.Gonzalez and Lopez, S.Goy and Hernandez, J.M. and Josa, M.I. and Merino, G. and Pelayo, J.Puerta and Redondo, I. and Romero, L. and Santaolalla, J. and Soares, M.S. and Willmott, C. and Albajar, C. and Codispoti, G. and de Trocóniz, J.F. and Cuevas, J. and Menendez, J.Fernandez and Folgueras, S. and Caballero, I.Gonzalez and Iglesias, L.Lloret and Garcia, J.M.Vizan and Cifuentes, J.A.Brochero and Cabrillo, I.J. and Calderon, A. and Chuang, S.H. and Campderros, J.Duarte and Felcini, M. and Fernandez, M. and Gomez, G. and Sanchez, J.Gonzalez and Jorda, C. and Pardo, P.Lobelle and Virto, A.Lopez and Marco, J. and Marco, R. and Rivero, C.Martinez and Matorras, F. and Sanchez, F.J.Munoz and Gomez, J.Piedra and Rodrigo, T. and Rodríguez-Marrero, A.Y. and Ruiz-Jimeno, A. and Scodellaro, L. and Sanudo, M.Sobron and Vila, I. and Cortabitarte, R.Vilar and Abbaneo, D. and Auffray, E. and Auzinger, G. and Baillon, P. and Ball, A.H. and Barney, D. and Bernet, C. and Bialas, W. and Bloch, P. and Bocci, A. and Breuker, H. and Bunkowski, K. and Camporesi, T. and Cerminara, G. and Christiansen, T. and Perez, J.A.Coarasa and Cur\'{e}, B. and D’Enterria, D. and De Roeck, A. and Di Guida, S. and Dupont-Sagorin, N. and Elliott-Peisert, A. and Frisch, B. and Funk, W. and Gaddi, A. and Georgiou, G. and Gerwig, H. and Gigi, D. and Gill, K. and Giordano, D. and Glege, F. and Garrido, R.Gomez-Reino and Gouzevitch, M. and Govoni, P. and Gowdy, S. and Guida, R. and Guiducci, L. and Gundacker, S. and Hansen, M. and Hartl, C. and Harvey, J. and Hegeman, J. and Hegner, B. and Hoffmann, H.F. and Innocente, V. and Janot, P. and Kaadze, K. and Karavakis, E. and Lecoq, P. and Lenzi, P. and Lourenço, C. and M\"{a}ki, T. and Malberti, M. and Malgeri, L. and Mannelli, M. and Masetti, L. and Mavromanolakis, G. and Meijers, F. and Mersi, S. and Meschi, E. and Moser, R. and Mozer, M.U. and Mulders, M. and Nesvold, E. and Nguyen, M. and Orimoto, T. and Orsini, L. and Cortezon, E.Palencia and Perez, E. and Petrilli, A. and Pfeiffer, A. and Pierini, M. and Pimi\"{a}, M. and Piparo, D. and Polese, G. and Quertenmont, L. and Racz, A. and Reece, W. and Antunes, J.Rodrigues and Rolandi, G. and Rommerskirchen, T. and Rovelli, C. and Rovere, M. and Sakulin, H. and Santanastasio, F. and Sch\"{a}fer, C. and Schwick, C. and Segoni, I. and Sharma, A. and Siegrist, P. and Silva, P. and Simon, M. and Sphicas, P. and Spiga, D. and Spiropulu, M. and Stoye, M. and Tsirou, A. and Vichoudis, P. and W\"{o}hri, H.K. and Worm, S.D. and Zeuner, W.D. and Bertl, W. and Deiters, K. and Erdmann, W. and Gabathuler, K. and Horisberger, R. and Ingram, Q. and Kaestli, H.C. and K\"{o}nig, S. and Kotlinski, D. and Langenegger, U. and Meier, F. and Renker, D. and Rohe, T. and Sibille, J. and B\"{a}ni, L. and Bortignon, P. and Casal, B. and Chanon, N. and Chen, Z. and Cittolin, S. and Dissertori, G. and Dittmar, M. and Eugster, J. and Freudenreich, K. and Grab, C. and Lecomte, P. and Lustermann, W. and Marchica, C. and Martinez Ruiz del Arbol, P. and Milenovic, P. and Mohr, N. and Moortgat, F. and N\"{a}geli, C. and Nef, P. and Nessi-Tedaldi, F. and Pape, L. and Pauss, F. and Ronga, F.J. and Rossini, M. and Sala, L. and Sanchez, A.K. and Sawley, M.-C. and Starodumov, A. and Stieger, B. and Takahashi, M. and Tauscher, L. and Thea, A. and Theofilatos, K. and Treille, D. and Urscheler, C. and Wallny, R. and Weber, M. and Wehrli, L. and Weng, J. and Aguilo, E. and Amsler, C. and Chiochia, V. and De Visscher, S. and Favaro, C. and Rikova, M.Ivova and Mejias, B.Millan and Otiougova, P. and Robmann, P. and Schmidt, A. and Snoek, H. and Verzetti, M. and Chang, Y.H. and Chen, K.H. and Kuo, C.M. and Li, S.W. and Lin, W. and Liu, Z.K. and Lu, Y.J. and Mekterovic, D. and Volpe, R. and Yu, S.S. and Bartalini, P. and Chang, P. and Chang, Y.H. and Chang, Y.W. and Chao, Y. and Chen, K.F. and Dietz, C. and Grundler, U. and Hou, W.-S. and Hsiung, Y. and Kao, K.Y. and Lei, Y.J. and Lu, R.-S. and Shiu, J.G. and Tzeng, Y.M. and Wan, X. and Wang, M. and Adiguzel, A. and Bakirci, M.N. and Cerci, S. and Dozen, C. and Dumanoglu, I. and Eskut, E. and Girgis, S. and Gokbulut, G. and Hos, I. and Kangal, E.E. and Topaksu, A.Kayis and Onengut, G. and Ozdemir, K. and Ozturk, S. and Polatoz, A. and Sogut, K. and Cerci, D.Sunar and Tali, B. and Topakli, H. and Uzun, D. and Vergili, L.N. and Vergili, M. and Akin, I.V. and Aliev, T. and Bilin, B. and Bilmis, S. and Deniz, M. and Gamsizkan, H. and Guler, A.M. and Ocalan, K. and Ozpineci, A. and Serin, M. and Sever, R. and Surat, U.E. and Yalvac, M. and Yildirim, E. and Zeyrek, M. and Deliomeroglu, M. and G\"{u}lmez, E. and Isildak, B. and Kaya, M. and Kaya, O. and \"{o}zbek, M. and Ozkorucuklu, S. and Sonmez, N. and Levchuk, L. and Bostock, F. and Brooke, J.J. and Clement, E. and Cussans, D. and Frazier, R. and Goldstein, J. and Grimes, M. and Heath, G.P. and Heath, H.F. and Kreczko, L. and Metson, S. and Newbold, D.M. and Nirunpong, K. and Poll, A. and Senkin, S. and Smith, V.J. and Basso, L. and Bell, K.W. and Belyaev, A. and Brew, C. and Brown, R.M. and Camanzi, B. and Cockerill, D.J.A. and Coughlan, J.A. and Harder, K. and Harper, S. and Jackson, J. and Kennedy, B.W. and Olaiya, E. and Petyt, D. and Radburn-Smith, B.C. and Shepherd-Themistocleous, C.H. and Tomalin, I.R. and Womersley, W.J. and Bainbridge, R. and Ball, G. and Ballin, J. and Beuselinck, R. and Buchmuller, O. and Colling, D. and Cripps, N. and Cutajar, M. and Davies, G. and Negra, M.Della and Ferguson, W. and Fulcher, J. and Futyan, D. and Gilbert, A. and Bryer, A.Guneratne and Hall, G. and Hatherell, Z. and Hays, J. and Iles, G. and Jarvis, M. and Karapostoli, G. and Lyons, L. and Magnan, A.-M. and Marrouche, J. and Mathias, B. and Nandi, R. and Nash, J. and Nikitenko, A. and Papageorgiou, A. and Pesaresi, M. and Petridis, K. and Pioppi, M. and Raymond, D.M. and Rogerson, S. and Rompotis, N. and Rose, A. and Ryan, M.J. and Seez, C. and Sharp, P. and Sparrow, A. and Tapper, A. and Tourneur, S. and Acosta, M.Vazquez and Virdee, T. and Wakefield, S. and Wardle, N. and Wardrope, D. and Whyntie, T. and Barrett, M. and Chadwick, M. and Cole, J.E. and Hobson, P.R. and Khan, A. and Kyberd, P. and Leslie, D. and Martin, W. and Reid, I.D. and Teodorescu, L. and Hatakeyama, K. and Liu, H. and Henderson, C. and Avetisyan, A. and Bose, T. and Jarrin, E.Carrera and Fantasia, C. and Heister, A. and John, J.St. and Lawson, P. and Lazic, D. and Rohlf, J. and Sperka, D. and Sulak, L. and Bhattacharya, S. and Cutts, D. and Ferapontov, A. and Heintz, U. and Jabeen, S. and Kukartsev, G. and Landsberg, G. and Luk, M. and Narain, M. and Nguyen, D. and Segala, M. and Sinthuprasith, T. and Speer, T. and Tsang, K.V. and Breedon, R. and Breto, G. and De La Barca Sanchez, M.Calderon and Chauhan, S. and Chertok, M. and Conway, J. and Conway, R. and Cox, P.T. and Dolen, J. and Erbacher, R. and Houtz, R. and Ko, W. and Kopecky, A. and Lander, R. and Liu, H. and Mall, O. and Maruyama, S. and Miceli, T. and Pellett, D. and Robles, J. and Rutherford, B. and Searle, M. and Smith, J. and Squires, M. and Tripathi, M. and Sierra, R.Vasquez and Andreev, V. and Arisaka, K. and Cline, D. and Cousins, R. and Deisher, A. and Duris, J. and Erhan, S. and Everaerts, P. and Farrell, C. and Hauser, J. and Ignatenko, M. and Jarvis, C. and Plager, C. and Rakness, G. and Schlein, P. and Tucker, J. and Valuev, V. and Babb, J. and Clare, R. and Ellison, J. and Gary, J.W. and Giordano, F. and Hanson, G. and Jeng, G.Y. and Kao, S.C. and Liu, H. and Long, O.R. and Luthra, A. and Nguyen, H. and Paramesvaran, S. and Sturdy, J. and Sumowidagdo, S. and Wilken, R. and Wimpenny, S. and Andrews, W. and Branson, J.G. and Cerati, G.B. and Evans, D. and Golf, F. and Holzner, A. and Kelley, R. and Lebourgeois, M. and Letts, J. and Mangano, B. and Padhi, S. and Palmer, C. and Petrucciani, G. and Pi, H. and Pieri, M. and Ranieri, R. and Sani, M. and Sharma, V. and Simon, S. and Sudano, E. and Tadel, M. and Tu, Y. and Vartak, A. and Wasserbaech, S. and W\"{u}rthwein, F. and Yagil, A. and Yoo, J. and Barge, D. and Bellan, R. and Campagnari, C. and D’Alfonso, M. and Danielson, T. and Flowers, K. and Geffert, P. and George, C. and Incandela, J. and Justus, C. and Kalavase, P. and Koay, S.A. and Kovalskyi, D. and Krutelyov, V. and Lowette, S. and Mccoll, N. and Mullin, S.D. and Pavlunin, V. and Rebassoo, F. and Ribnik, J. and Richman, J. and Rossin, R. and Stuart, D. and To, W. and Vlimant, J.R. and West, C. and Apresyan, A. and Bornheim, A. and Bunn, J. and Chen, Y. and Di Marco, E. and Duarte, J. and Gataullin, M. and Ma, Y. and Mott, A. and Newman, H.B. and Rogan, C. and Shin, K. and Timciuc, V. and Traczyk, P. and Veverka, J. and Wilkinson, R. and Yang, Y. and Zhu, R.Y. and Akgun, B. and Carroll, R. and Ferguson, T. and Iiyama, Y. and Jang, D.W. and Jun, S.Y. and Liu, Y.F. and Paulini, M. and Russ, J. and Vogel, H. and Vorobiev, I. and Cumalat, J.P. and Dinardo, M.E. and Drell, B.R. and Edelmaier, C.J. and Ford, W.T. and Gaz, A. and Heyburn, B. and Lopez, E.Luiggi and Nauenberg, U. and Smith, J.G. and Stenson, K. and Ulmer, K.A. and Wagner, S.R. and Zang, S.L. and Agostino, L. and Alexander, J. and Chatterjee, A. and Eggert, N. and Gibbons, L.K. and Heltsley, B. and Hopkins, W. and Khukhunaishvili, A. and Kreis, B. and Kaufman, G.Nicolas and Patterson, J.R. and Puigh, D. and Ryd, A. and Salvati, E. and Shi, X. and Sun, W. and Teo, W.D. and Thom, J. and Thompson, J. and Vaughan, J. and Weng, Y. and Winstrom, L. and Wittich, P. and Biselli, A. and Cirino, G. and Winn, D. and Abdullin, S. and Albrow, M. and Anderson, J. and Apollinari, G. and Atac, M. and Bakken, J.A. and Bauerdick, L.A.T. and Beretvas, A. and Berryhill, J. and Bhat, P.C. and Bloch, I. and Burkett, K. and Butler, J.N. and Chetluru, V. and Cheung, H.W.K. and Chlebana, F. and Cihangir, S. and Cooper, W. and Eartly, D.P. and Elvira, V.D. and Esen, S. and Fisk, I. and Freeman, J. and Gao, Y. and Gottschalk, E. and Green, D. and Gutsche, O. and Hanlon, J. and Harris, R.M. and Hirschauer, J. and Hooberman, B. and Jensen, H. and Jindariani, S. and Johnson, M. and Joshi, U. and Klima, B. and Kousouris, K. and Kunori, S. and Kwan, S. and Leonidopoulos, C. and Lincoln, D. and Lipton, R. and Lykken, J. and Maeshima, K. and Marraffino, J.M. and Mason, D. and McBride, P. and Miao, T. and Mishra, K. and Mrenna, S. and Musienko, Y. and Newman-Holmes, C. and O’Dell, V. and Pivarski, J. and Pordes, R. and Prokofyev, O. and Schwarz, T. and Sexton-Kennedy, E. and Sharma, S. and Spalding, W.J. and Spiegel, L. and Tan, P. and Taylor, L. and Tkaczyk, S. and Uplegger, L. and Vaandering, E.W. and Vidal, R. and Whitmore, J. and Wu, W. and Yang, F. and Yumiceva, F. and Yun, J.C. and Acosta, D. and Avery, P. and Bourilkov, D. and Chen, M. and Das, S. and De Gruttola, M. and Di Giovanni, G.P. and Dobur, D. and Drozdetskiy, A. and Field, R.D. and Fisher, M. and Fu, Y. and Furic, I.K. and Gartner, J. and Goldberg, S. and Hugon, J. and Kim, B. and Konigsberg, J. and Korytov, A. and Kropivnitskaya, A. and Kypreos, T. and Low, J.F. and Matchev, K. and Mitselmakher, G. and Muniz, L. and Park, M. and Remington, R. and Rinkevicius, A. and Schmitt, M. and Scurlock, B. and Sellers, P. and Skhirtladze, N. and Snowball, M. and Wang, D. and Yelton, J. and Zakaria, M. and Gaultney, V. and Lebolo, L.M. and Linn, S. and Markowitz, P. and Martinez, G. and Rodriguez, J.L. and Adams, T. and Askew, A. and Bochenek, J. and Chen, J. and Diamond, B. and Gleyzer, S.V. and Haas, J. and Hagopian, S. and Hagopian, V. and Jenkins, M. and Johnson, K.F. and Prosper, H. and Sekmen, S. and Veeraraghavan, V. and Baarmand, M.M. and Dorney, B. and Hohlmann, M. and Kalakhety, H. and Vodopiyanov, I. and Adams, M.R. and Anghel, I.M. and Apanasevich, L. and Bai, Y. and Bazterra, V.E. and Betts, R.R. and Callner, J. and Cavanaugh, R. and Dragoiu, C. and Gauthier, L. and Gerber, C.E. and Hofman, D.J. and Khalatyan, S. and Kunde, G.J. and Lacroix, F. and Malek, M. and O’Brien, C. and Silkworth, C. and Silvestre, C. and Strom, D. and Varelas, N. and Akgun, U. and Albayrak, E.A. and Bilki, B. and Clarida, W. and Duru, F. and Lae, C.K. and McCliment, E. and Merlo, J.-P. and Mermerkaya, H. and Mestvirishvili, A. and Moeller, A. and Nachtman, J. and Newsom, C.R. and Norbeck, E. and Olson, J. and Onel, Y. and Ozok, F. and Sen, S. and Wetzel, J. and Yetkin, T. and Yi, K. and Barnett, B.A. and Blumenfeld, B. and Bolognesi, S. and Bonato, A. and Eskew, C. and Fehling, D. and Giurgiu, G. and Gritsan, A.V. and Guo, Z.J. and Hu, G. and Maksimovic, P. and Rappoccio, S. and Swartz, M. and Tran, N.V. and Whitbeck, A. and Baringer, P. and Bean, A. and Benelli, G. and Grachov, O. and Kenny, R.P., III and Murray, M. and Noonan, D. and Sanders, S. and Stringer, R. and Wood, J.S. and Zhukova, V. and Barfuss, A.F. and Bolton, T. and Chakaberia, I. and Ivanov, A. and Khalil, S. and Makouski, M. and Maravin, Y. and Shrestha, S. and Svintradze, I. and Gronberg, J. and Lange, D. and Wright, D. and Baden, A. and Boutemeur, M. and Eno, S.C. and Gomez, J.A. and Hadley, N.J. and Kellogg, R.G. and Kirn, M. and Lu, Y. and Mignerey, A.C. and Rossato, K. and Rumerio, P. and Skuja, A. and Temple, J. and Tonjes, M.B. and Tonwar, S.C. and Twedt, E. and Alver, B. and Bauer, G. and Bendavid, J. and Busza, W. and Butz, E. and Cali, I.A. and Chan, M. and Dutta, V. and Ceballos, G.Gomez and Goncharov, M. and Hahn, K.A. and Harris, P. and Kim, Y. and Klute, M. and Lee, Y.-J. and Li, W. and Luckey, P.D. and Ma, T. and Nahn, S. and Paus, C. and Ralph, D. and Roland, C. and Roland, G. and Rudolph, M. and Stephans, G.S.F. and St\"{o}ckli, F. and Sumorok, K. and Sung, K. and Velicanu, D. and Wenger, E.A. and Wolf, R. and Wyslouch, B. and Xie, S. and Yang, M. and Yilmaz, Y. and Yoon, A.S. and Zanetti, M. and Cooper, S.I. and Cushman, P. and Dahmes, B. and De Benedetti, A. and Franzoni, G. and Gude, A. and Haupt, J. and Klapoetke, K. and Kubota, Y. and Mans, J. and Pastika, N. and Rekovic, V. and Rusack, R. and Sasseville, M. and Singovsky, A. and Tambe, N. and Turkewitz, J. and Cremaldi, L.M. and Godang, R. and Kroeger, R. and Perera, L. and Rahmat, R. and Sanders, D.A. and Summers, D. and Avdeeva, E. and Bloom, K. and Bose, S. and Butt, J. and Claes, D.R. and Dominguez, A. and Eads, M. and Jindal, P. and Keller, J. and Kravchenko, I. and Lazo-Flores, J. and Malbouisson, H. and Malik, S. and Snow, G.R. and Baur, U. and Godshalk, A. and Iashvili, I. and Jain, S. and Kharchilava, A. and Kumar, A. and Smith, K. and Wan, Z. and Alverson, G. and Barberis, E. and Baumgartel, D. and Chasco, M. and Reucroft, S. and Trocino, D. and Wood, D. and Zhang, J. and Anastassov, A. and Kubik, A. and Mucia, N. and Odell, N. and Ofierzynski, R.A. and Pollack, B. and Pozdnyakov, A. and Schmitt, M. and Stoynev, S. and Velasco, M. and Won, S. and Antonelli, L. and Berry, D. and Brinkerhoff, A. and Hildreth, M. and Jessop, C. and Karmgard, D.J. and Kolb, J. and Kolberg, T. and Lannon, K. and Luo, W. and Lynch, S. and Marinelli, N. and Morse, D.M. and Pearson, T. and Ruchti, R. and Slaunwhite, J. and Valls, N. and Wayne, M. and Ziegler, J. and Bylsma, B. and Durkin, L.S. and Hill, C. and Killewald, P. and Kotov, K. and Ling, T.Y. and Rodenburg, M. and Vuosalo, C. and Williams, G. and Adam, N. and Berry, E. and Elmer, P. and Gerbaudo, D. and Halyo, V. and Hebda, P. and Hunt, A. and Laird, E. and Pegna, D.Lopes and Lujan, P. and Marlow, D. and Medvedeva, T. and Mooney, M. and Olsen, J. and Pirou\'{e}, P. and Quan, X. and Raval, A. and Saka, H. and Stickland, D. and Tully, C. and Werner, J.S. and Zuranski, A. and Acosta, J.G. and Huang, X.T. and Lopez, A. and Mendez, H. and Oliveros, S. and Vargas, J.E.Ramirez and Zatserklyaniy, A. and Alagoz, E. and Barnes, V.E. and Benedetti, D. and Bolla, G. and Borrello, L. and Bortoletto, D. and De Mattia, M. and Everett, A. and Gutay, L. and Hu, Z. and Jones, M. and Koybasi, O. and Kress, M. and Laasanen, A.T. and Leonardo, N. and Maroussov, V. and Merkel, P. and Miller, D.H. and Neumeister, N. and Shipsey, I. and Silvers, D. and Svyatkovskiy, A. and Marono, M.Vidal and Yoo, H.D. and Zablocki, J. and Zheng, Y. and Guragain, S. and Parashar, N. and Adair, A. and Boulahouache, C. and Cuplov, V. and Ecklund, K.M. and Geurts, F.J.M. and Padley, B.P. and Redjimi, R. and Roberts, J. and Zabel, J. and Betchart, B. and Bodek, A. and Chung, Y.S. and Covarelli, R. and de Barbaro, P. and Demina, R. and Eshaq, Y. and Flacher, H. and Garcia-Bellido, A. and Goldenzweig, P. and Gotra, Y. and Han, J. and Harel, A. and Miner, D.C. and Petrillo, G. and Sakumoto, W. and Vishnevskiy, D. and Zielinski, M. and Bhatti, A. and Ciesielski, R. and Demortier, L. and Goulianos, K. and Lungu, G. and Malik, S. and Mesropian, C. and Arora, S. and Atramentov, O. and Barker, A. and Chou, J.P. and Contreras-Campana, C. and Contreras-Campana, E. and Duggan, D. and Ferencek, D. and Gershtein, Y. and Gray, R. and Halkiadakis, E. and Hidas, D. and Hits, D. and Lath, A. and Panwalkar, S. and Park, M. and Patel, R. and Richards, A. and Rose, K. and Salur, S. and Schnetzer, S. and Somalwar, S. and Stone, R. and Thomas, S. and Cerizza, G. and Hollingsworth, M. and Spanier, S. and Yang, Z.C. and York, A. and Eusebi, R. and Flanagan, W. and Gilmore, J. and Gurrola, A. and Kamon, T. and Khotilovich, V. and Montalvo, R. and Osipenkov, I. and Pakhotin, Y. and Perloff, A. and Roe, J. and Safonov, A. and Sengupta, S. and Suarez, I. and Tatarinov, A. and Toback, D. and Akchurin, N. and Bardak, C. and Damgov, J. and Dudero, P.R. and Jeong, C. and Kovitanggoon, K. and Lee, S.W. and Libeiro, T. and Mane, P. and Roh, Y. and Sill, A. and Volobouev, I. and Wigmans, R. and Yazgan, E. and Appelt, E. and Brownson, E. and Engh, D. and Florez, C. and Gabella, W. and Issah, M. and Johns, W. and Johnston, C. and Kurt, P. and Maguire, C. and Melo, A. and Sheldon, P. and Snook, B. and Tuo, S. and Velkovska, J. and Arenton, M.W. and Balazs, M. and Boutle, S. and Conetti, S. and Cox, B. and Francis, B. and Goadhouse, S. and Goodell, J. and Hirosky, R. and Ledovskoy, A. and Lin, C. and Neu, C. and Wood, J. and Yohay, R. and Gollapinni, S. and Harr, R. and Karchin, P.E. and Don, C.KottachchiKankanamge and Lamichhane, P. and Mattson, M. and Milstène, C. and Sakharov, A. and Anderson, M. and Bachtis, M. and Belknap, D. and Bellinger, J.N. and Carlsmith, D. and Cepeda, M. and Dasu, S. and Efron, J. and Friis, E. and Gray, L. and Grogg, K.S. and Grothe, M. and Hall-Wilton, R. and Herndon, M. and Herv\'{e}, A. and Klabbers, P. and Klukas, J. and Lanaro, A. and Lazaridis, C. and Leonard, J. and Loveless, R. and Mohapatra, A. and Ojalvo, I. and Parker, W. and Pierro, G.A. and Ross, I. and Savin, A. and Smith, W.H. and Swanson, J. and Weinberg, M.},
    language={English}
}

@article{PhysRevD.88.012005,
  title = {Search for anomalous quartic WW$\gamma${}$\gamma${} couplings in dielectron and missing energy final states in pp\ifmmode\bar\else\textasciimacron\fi{} collisions at s=1.96\,\,TeV},
  author = {Abazov, V. M. and Abbott, B. and Acharya, B. S. and Adams, M. and Adams, T. and Agnew, J. P. and Alexeev, G. D. and Alkhazov, G. and Alton, A. and Askew, A. and Atkins, S. and Augsten, K. and Avila, C. and Badaud, F. and Bagby, L. and Baldin, B. and Bandurin, D. V. and Banerjee, S. and Barberis, E. and Baringer, P. and Bartlett, J. F. and Bassler, U. and Bazterra, V. and Bean, A. and Begalli, M. and Bellantoni, L. and Beri, S. B. and Bernardi, G. and Bernhard, R. and Bertram, I. and Besan\ifmmode \mbox{\c{c}}\else \c{c}\fi{}on, M. and Beuselinck, R. and Bhat, P. C. and Bhatia, S. and Bhatnagar, V. and Blazey, G. and Blessing, S. and Bloom, K. and Boehnlein, A. and Boline, D. and Boos, E. E. and Borissov, G. and Brandt, A. and Brandt, O. and Brock, R. and Bross, A. and Brown, D. and Bu, X. B. and Buehler, M. and Buescher, V. and Bunichev, V. and Burdin, S. and Buszello, C. P. and Camacho-P\'erez, E. and Casey, B. C. K. and Castilla-Valdez, H. and Caughron, S. and Chakrabarti, S. and Chan, K. M. and Chandra, A. and Chapon, E. and Chen, G. and Cho, S. W. and Choi, S. and Choudhary, B. and Cihangir, S. and Claes, D. and Clutter, J. and Cooke, M. and Cooper, W. E. and Corcoran, M. and Couderc, F. and Cousinou, M.-C. and Cutts, D. and Das, A. and Davies, G. and de Jong, S. J. and De La Cruz-Burelo, E. and D\'eliot, F. and Demina, R. and Denisov, D. and Denisov, S. P. and Desai, S. and Deterre, C. and DeVaughan, K. and Diehl, H. T. and Diesburg, M. and Ding, P. F. and Dominguez, A. and Dubey, A. and Dudko, L. V. and Duperrin, A. and Dutt, S. and Eads, M. and Edmunds, D. and Ellison, J. and Elvira, V. D. and Enari, Y. and Evans, H. and Evdokimov, V. N. and Feng, L. and Ferbel, T. and Fiedler, F. and Filthaut, F. and Fisher, W. and Fisk, H. E. and Fortner, M. and Fox, H. and Fuess, S. and Garcia-Bellido, A. and Garc\'\ia-Gonz\'alez, J. A. and Gavrilov, V. and Geng, W. and Gerber, C. E. and Gershtein, Y. and Ginther, G. and Golovanov, G. and Grannis, P. D. and Greder, S. and Greenlee, H. and Grenier, G. and Gris, Ph. and Grivaz, J.-F. and Grohsjean, A. and Gr\"unendahl, S. and Gr\"unewald, M. W. and Guillemin, T. and Gutierrez, G. and Gutierrez, P. and Haley, J. and Han, L. and Harder, K. and Harel, A. and Hauptman, J. M. and Hays, J. and Head, T. and Hebbeker, T. and Hedin, D. and Hegab, H. and Heinson, A. P. and Heintz, U. and Hensel, C. and Heredia-De La Cruz, I. and Herner, K. and Hesketh, G. and Hildreth, M. D. and Hirosky, R. and Hoang, T. and Hobbs, J. D. and Hoeneisen, B. and Hogan, J. and Hohlfeld, M. and Howley, I. and Hubacek, Z. and Hynek, V. and Iashvili, I. and Ilchenko, Y. and Illingworth, R. and Ito, A. S. and Jabeen, S. and Jaffr\'e, M. and Jayasinghe, A. and Holzbauer, J. and Jeong, M. S. and Jesik, R. and Jiang, P. and Johns, K. and Johnson, E. and Johnson, M. and Jonckheere, A. and Jonsson, P. and Joshi, J. and Jung, A. W. and Juste, A. and Kajfasz, E. and Karmanov, D. and Katsanos, I. and Kehoe, R. and Kermiche, S. and Khalatyan, N. and Khanov, A. and Kharchilava, A. and Kharzheev, Y. N. and Kiselevich, I. and Kohli, J. M. and Kozelov, A. V. and Kraus, J. and Kumar, A. and Kupco, A. and Kur\ifmmode \check{c}\else \v{c}\fi{}a, T. and Kuzmin, V. A. and Lammers, S. and Lebrun, P. and Lee, H. S. and Lee, S. W. and Lee, W. M. and Lei, X. and Lellouch, J. and Li, D. and Li, H. and Li, L. and Li, Q. Z. and Lim, J. K. and Lincoln, D. and Linnemann, J. and Lipaev, V. V. and Lipton, R. and Liu, H. and Liu, Y. and Lobodenko, A. and Lokajicek, M. and Lopes de Sa, R. and Luna-Garcia, R. and Lyon, A. L. and Maciel, A. K. A. and Madar, R. and Maga\~na-Villalba, R. and Malik, S. and Malyshev, V. L. and Mansour, J. and Mart\'\inez-Ortega, J. and McCarthy, R. and McGivern, C. L. and Meijer, M. M. and Melnitchouk, A. and Menezes, D. and Mercadante, P. G. and Merkin, M. and Meyer, A. and Meyer, J. and Miconi, F. and Mondal, N. K. and Mulhearn, M. and Nagy, E. and Narain, M. and Nayyar, R. and Neal, H. A. and Negret, J. P. and Neustroev, P. and Nguyen, H. T. and Nunnemann, T. and Orduna, J. and Osman, N. and Osta, J. and Pal, A. and Parashar, N. and Parihar, V. and Park, S. K. and Partridge, R. and Parua, N. and Patwa, A. and Penning, B. and Perfilov, M. and Peters, Y. and Petridis, K. and Petrillo, G. and P\'etroff, P. and Pleier, M.-A. and Podstavkov, V. M. and Popov, A. V. and Prewitt, M. and Price, D. and Prokopenko, N. and Qian, J. and Quadt, A. and Quinn, B. and Ratoff, P. N. and Razumov, I. and Ripp-Baudot, I. and Rizatdinova, F. and Rominsky, M. and Ross, A. and Royon, C. and Rubinov, P. and Ruchti, R. and Sajot, G. and S\'anchez-Hern\'andez, A. and Sanders, M. P. and Santos, A. S. and Savage, G. and Sawyer, L. and Scanlon, T. and Schamberger, R. D. and Scheglov, Y. and Schellman, H. and Schwanenberger, C. and Schwienhorst, R. and Sekaric, J. and Severini, H. and Shabalina, E. and Shary, V. and Shaw, S. and Shchukin, A. A. and Simak, V. and Skubic, P. and Slattery, P. and Smirnov, D. and Snow, G. R. and Snow, J. and Snyder, S. and S\"oldner-Rembold, S. and Sonnenschein, L. and Soustruznik, K. and Stark, J. and Stoyanova, D. A. and Strauss, M. and Suter, L. and Svoisky, P. and Titov, M. and Tokmenin, V. V. and Tsai, Y.-T. and Tsybychev, D. and Tuchming, B. and Tully, C. and Uvarov, L. and Uvarov, S. and Uzunyan, S. and Van Kooten, R. and van Leeuwen, W. M. and Varelas, N. and Varnes, E. W. and Vasilyev, I. A. and Verkheev, A. Y. and Vertogradov, L. S. and Verzocchi, M. and Vesterinen, M. and Vilanova, D. and Vokac, P. and Wahl, H. D. and Wang, M. H. L. S. and Warchol, J. and Watts, G. and Wayne, M. and Weichert, J. and Welty-Rieger, L. and Williams, M. R. J. and Wilson, G. W. and Wobisch, M. and Wood, D. R. and Wyatt, T. R. and Xie, Y. and Yamada, R. and Yang, S. and Yasuda, T. and Yatsunenko, Y. A. and Ye, W. and Ye, Z. and Yin, H. and Yip, K. and Youn, S. W. and Yu, J. M. and Zennamo, J. and Zhao, T. G. and Zhou, B. and Zhu, J. and Zielinski, M. and Zieminska, D. and Zivkovic, L.},
  collaboration = {D0 Collaboration},
  journal = {Phys. Rev. D},
  volume = {88},
  issue = {1},
  pages = {012005},
  numpages = {8},
  year = {2013},
  month = {Jul},
  publisher = {American Physical Society},
  doi = {10.1103/PhysRevD.88.012005},
  url = {http://link.aps.org/doi/10.1103/PhysRevD.88.012005}
}

@article{cmsTnP,
  author={The CMS collaboration},
  title={Performance of CMS muon reconstruction in pp collision events at $sqrt{s}$ = 7 TeV},
  journal={Journal of Instrumentation},
  volume={7},
  number={10},
  pages={P10002},
  url={http://stacks.iop.org/1748-0221/7/i=10/a=P10002},
  year={2012},
  abstract={The performance of muon reconstruction, identification, and triggering in CMS has been studied using 40 pb −1 of data collected in pp collisions at $sqrt{s}$ = 7 TeV at the LHC in 2010. A few benchmark sets of selection criteria covering a wide range of physics analysis needs have been examined. For all considered selections, the efficiency to reconstruct and identify a muon with a transverse momentum p T larger than a few GeV/c is above 95% over the whole region of pseudorapidity covered by the CMS muon system, $|\eta|$ < 2.4, while the probability to misidentify a hadron as a muon is well below 1%. The efficiency to trigger on single muons with $p_{T}$ above a few GeV/c is higher than 90% over the full $\eta$ range, and typically substantially better. The overall momentum scale is measured to a precision of 0.2% with muons from Z decays. The transverse momentum resolution varies from 1% to 6% depending on pseudorapidity for muons with $p_{T}$ below 100GeV/c and, using cosmic rays, it is shown to be better than 10% in the central region up to $p_{T}$ = 1 TeV/c. Observed distributions of all quantities are well reproduced by the Monte Carlo simulation.}
}

@article{cmsLumi,
      key            = "925294",
      title          = "{Measurement of CMS Luminosity}",
      collaboration  = "CMS Collaboration",
      year           = "2010",
      reportNumber   = "CMS-PAS-EWK-10-004",
      SLACcitation   = "%%CITATION = CMS-PAS-EWK-10-004 ETC.;%%",
}

@article{pdg,
  title = {Review of Particle Physics},
  author = {Beringer, J. and others},
  collaboration = {Particle Data Group},
  journal = {Phys. Rev. D},
  volume = {86},
  issue = {1},
  pages = {010001},
  numpages = {1528},
  year = {2012},
  month = {Jul},
  publisher = {American Physical Society},
  doi = {10.1103/PhysRevD.86.010001},
  url = {http://link.aps.org/doi/10.1103/PhysRevD.86.010001},
  authnote={Beringer, J. and Arguin, J. -F. and Barnett, R. M. and Copic, K. and Dahl, O. and Groom, D. E. and Lin, C. -J. and Lys, J. and Murayama, H. and Wohl, C. G. and Yao, W. -M. and Zyla, P. A. and Amsler, C. and Antonelli, M. and Asner, D. M. and Baer, H. and Band, H. R. and Basaglia, T. and Bauer, C. W. and Beatty, J. J. and Belousov, V. I. and Bergren, E. and Bernardi, G. and Bertl, W. and Bethke, S. and Bichsel, H. and Biebel, O. and Blucher, E. and Blusk, S. and Brooijmans, G. and Buchmueller, O. and Cahn, R. N. and Carena, M. and Ceccucci, A. and Chakraborty, D. and Chen, M. -C. and Chivukula, R. S. and Cowan, G. and D'Ambrosio, G. and Damour, T. and de Florian, D. and de Gouv\^ea, A. and DeGrand, T. and de Jong, P. and Dissertori, G. and Dobrescu, B. and Doser, M. and Drees, M. and Edwards, D. A. and Eidelman, S. and Erler, J. and Ezhela, V. V. and Fetscher, W. and Fields, B. D. and Foster, B. and Gaisser, T. K. and Garren, L. and Gerber, H. -J. and Gerbier, G. and Gherghetta, T. and Golwala, S. and Goodman, M. and Grab, C. and Gritsan, A. V. and Grivaz, J. -F. and Gr\"unewald, M. and Gurtu, A. and Gutsche, T. and Haber, H. E. and Hagiwara, K. and Hagmann, C. and Hanhart, C. and Hashimoto, S. and Hayes, K. G. and Heffner, M. and Heltsley, B. and Hern\'andez-Rey, J. J. and Hikasa, K. and H\"ocker, A. and Holder, J. and Holtkamp, A. and Huston, J. and Jackson, J. D. and Johnson, K. F. and Junk, T. and Karlen, D. and Kirkby, D. and Klein, S. R. and Klempt, E. and Kowalewski, R. V. and Krauss, F. and Kreps, M. and Krusche, B. and Kuyanov, Yu. V. and Kwon, Y. and Lahav, O. and Laiho, J. and Langacker, P. and Liddle, A. and Ligeti, Z. and Liss, T. M. and Littenberg, L. and Lugovsky, K. S. and Lugovsky, S. B. and Mannel, T. and Manohar, A. V. and Marciano, W. J. and Martin, A. D. and Masoni, A. and Matthews, J. and Milstead, D. and Miquel, R. and M\"onig, K. and Moortgat, F. and Nakamura, K. and Narain, M. and Nason, P. and Navas, S. and Neubert, M. and Nevski, P. and Nir, Y. and Olive, K. A. and Pape, L. and Parsons, J. and Patrignani, C. and Peacock, J. A. and Petcov, S. T. and Piepke, A. and Pomarol, A. and Punzi, G. and Quadt, A. and Raby, S. and Raffelt, G. and Ratcliff, B. N. and Richardson, P. and Roesler, S. and Rolli, S. and Romaniouk, A. and Rosenberg, L. J. and Rosner, J. L. and Sachrajda, C. T. and Sakai, Y. and Salam, G. P. and Sarkar, S. and Sauli, F. and Schneider, O. and Scholberg, K. and Scott, D. and Seligman, W. G. and Shaevitz, M. H. and Sharpe, S. R. and Silari, M. and Sj\"ostrand, T. and Skands, P. and Smith, J. G. and Smoot, G. F. and Spanier, S. and Spieler, H. and Stahl, A. and Stanev, T. and Stone, S. L. and Sumiyoshi, T. and Syphers, M. J. and Takahashi, F. and Tanabashi, M. and Terning, J. and Titov, M. and Tkachenko, N. P. and T\"ornqvist, N. A. and Tovey, D. and Valencia, G. and van Bibber, K. and Venanzoni, G. and Vincter, M. G. and Vogel, P. and Vogt, A. and Walkowiak, W. and Walter, C. W. and Ward, D. R. and Watari, T. and Weiglein, G. and Weinberg, E. J. and Wiencke, L. R. and Wolfenstein, L. and Womersley, J. and Woody, C. L. and Workman, R. L. and Yamamoto, A. and Zeller, G. P. and Zenin, O. V. and Zhang, J. and Zhu, R. -Y. and Harper, G. and Lugovsky, V. S. and Schaffner, P.}
}

@article{CmsPTdrv2,
      author         = "Bayatian, G.L. and others",
      title          = "{CMS technical design report, volume II: Physics
                        performance}",
      collaboration  = "CMS Collaboration",
      journal        = "J.Phys.",
      volume         = "G34",
      pages          = "995-1579",
      doi            = "10.1088/0954-3899/34/6/S01",
      year           = "2007",
      reportNumber   = "CERN-LHCC-2006-021, CMS-TDR-008-2",
      SLACcitation   = "%%CITATION = JPHGB,G34,995;%%",
}

@book{cmsTdrTrk,
  title         = "{The CMS tracker: addendum to the Technical Design Report}",
  publisher     = "CERN",
  collaboration = "CMS Collaboration",
  address       = "Geneva",
  series        = "Technical Design Report CMS",
  year          = "2000",
}

@article{oniaPol,
  author         = "Faccioli, Pietro and Lourenco, Carlos and Seixas, Joao and Wohri, Hermine K.",
  title          = "{Towards the experimental clarification of quarkonium polarization}",
  journal        = "Eur.Phys.J.",
  volume         = "C69",
  pages          = "657-673",
  doi            = "10.1140/epjc/s10052-010-1420-5",
  year           = "2010",
  eprint         = "1006.2738",
  archivePrefix  = "arXiv",
  primaryClass   = "hep-ph",
  SLACcitation   = "%%CITATION = ARXIV:1006.2738;%%",
}

@article{lheFormat,
  author         = "Alwall, Johan and Ballestrero, A. and Bartalini, P. and Belov, S. and Boos, E. and others",
  title          = "{A Standard format for Les Houches event files}",
  journal        = "Comput.Phys.Commun.",
  volume         = "176",
  pages          = "300-304",
  doi            = "10.1016/j.cpc.2006.11.010",
  year           = "2007",
  eprint         = "hep-ph/0609017",
  archivePrefix  = "arXiv",
  primaryClass   = "hep-ph",
  reportNumber   = "FERMILAB-PUB-06-337-T, CERN-LCGAPP-2006-03",
  SLACcitation   = "%%CITATION = HEP-PH/0609017;%%",
}
