
@book{gelman_bayesian_2003,
	edition = {2},
	title = {Bayesian Data Analysis, Second Edition},
	isbn = {{158488388X}},
	publisher = {Chapman \& Hall},
	author = {Gelman, Andrew and Carlin, John B. and Stern, Hal S. and Rubin, Donald B.},
	month = jul,
	year = {2003}
},


@book{pinheiro_mixed-effects_2000,
	title = {Mixed-effects models in S and {S-PLUS}},
	isbn = {0387989579, 9780387989570},
	publisher = {Springer},
	author = {Pinheiro, Jos{\textbackslash}'{e} C. and Bates, Douglas M.},
	year = {2000}
},
